4378 6202
615 523 759 592 Oetam
786 523 820 594 S.
846 525 986 594 Isidori
1014 525 1252 614 llrclricpisc.
1279 527 1536 616 Hispalensis,
1864 527 1931 602 192

215 712 454 802 stolorum?
472 712 682 822 Apostoli
693 713 739 797 in
750 712 885 798 latina
898 713 1047 818 lingua
1099 712 1233 832 tuotis
1247 714 1363 800 enim
1376 714 1735 824 conculcatisque
1750 719 1930 827 populis

213 829 339 914 Missi
388 828 734 936 interpretantur
778 825 880 932 quia
923 827 1046 932 ipsos
1098 853 1278 936 parvos
1303 827 1360 916 ad
1378 829 1637 936 sapientiam
1658 831 1803 917 redire
1827 857 1928 939 pos·

211 940 335 1028 misit
349 940 549 1027 Christus
564 939 867 1044 evangelizare
881 939 938 1025 acl
951 938 1045 1023 illu·
1099 940 1226 1027 sibile
1249 952 1327 1027 est.
1371 940 1417 1026 Si
1435 966 1542 1026 vero
1565 942 1613 1028 id
1637 943 1769 1029 etiam
1792 943 1929 1052 patie-

212 1055 500 1142 minationem
535 1053 730 1139 omnium
767 1052 1046 1160 populorum.
1098 1054 1222 1156 mini,
1253 1079 1333 1140 vos
1363 1054 1450 1161 ipsi
1475 1054 1707 1142 vobiscum
1732 1055 1929 1163 perdetis

212 1169 512 1276 Episcopetus
558 1177 726 1270 autem,
773 1176 822 1251 ut
866 1165 1046 1273 quidam
1099 1176 1144 1252 et
1170 1167 1376 1273 reliquos.
1417 1170 1576 1277 Itaque
1604 1180 1769 1276 quanto
1797 1170 1930 1255 etiam

212 1281 478 1368 Prudentius
504 1282 582 1383 ait,
605 1305 766 1366 nomen
792 1290 861 1366 est
886 1280 1045 1387 operis,
1098 1283 1314 1386 majorum
1338 1280 1466 1367 vobis
1497 1307 1645 1367 rerum
1675 1307 1781 1368 cura
1812 1307 1928 1369 com·

211 1423 304 1482 non
320 1394 518 1481 honoris:
542 1420 736 1501 graecum
754 1404 822 1480 est
840 1395 965 1493 enim,
984 1404 1045 1477 at·
1097 1395 1299 1496 mittitur,
1321 1403 1446 1480 tanto
1469 1396 1644 1501 potiore
1661 1395 1866 1500 indigetis
1885 1408 1931 1484 et

214 1535 301 1618 que
315 1508 419 1595 inde
434 1506 615 1595 ductum
630 1507 906 1608 vocobulum,
926 1507 1046 1613 quod
1098 1506 1258 1592 stiudio.
1314 1509 1504 1615 Propter
1536 1508 1657 1615 quod
1686 1509 1850 1597 intulit:
1884 1509 1931 1594 Si

212 1623 304 1722 ille,
343 1624 418 1731 qui
451 1648 585 1730 nuper
616 1621 819 1723 efficitur,
843 1621 1045 1728 superin·
1099 1630 1246 1706 autem
1268 1620 1334 1705 sal
1359 1622 1602 1725 evannerit,
1627 1622 1672 1705 in
1697 1647 1785 1729 qno
1807 1622 1930 1707 salie-

211 1735 372 1837 tendit,
400 1763 551 1822 curam
578 1735 746 1822 scilicet
767 1733 1047 1820 subditorum
1098 1731 1192 1818 tur?
1244 1733 1316 1818 Ad
1340 1734 1524 1820 nihilum
1548 1735 1666 1820 valet
1689 1733 1819 1838 ultra,
1846 1736 1931 1820 nisi

211 1873 382 1955 gerens.
443 1853 493 1956 le.
517 1849 653 1935 Posui
671 1848 946 1956 adjutorium.
1098 1857 1157 1932 ut·
1172 1847 1371 1934 mittetur
1400 1846 1538 1950 foras,
1571 1858 1615 1934 et
1647 1848 1931 1934 conculcetur

525 1975 677 2056 Lectio
700 1976 750 2055 ui.
1098 1960 1155 2047 ab
1174 1961 1435 2049 hominibus.
1490 1971 1540 2074 R·-
1567 1963 1747 2048 Amovit
1766 1987 1879 2047 eum.

215 2049 556 2295 Quapropter,
576 2085 678 2191 quia
696 2083 769 2168 lex
785 2085 1046 2189 peccatores
1390 2083 1540 2167 Lectio
1563 2087 1644 2166 viii.

326 2224 352 2284 a
370 2197 622 2285 sacerdotio
641 2202 828 2298 emovet,
847 2196 1044 2282 conside·
1196 2187 1355 2272 eenim
1380 2187 1625 2292 audientes,
1649 2214 1747 2274 cum
1773 2212 1928 2295 expro-

211 2324 282 2399 ret
301 2324 347 2398 et
368 2317 682 2421 unusquisque,
704 2320 748 2397 et
766 2311 920 2407 sciens,
944 2310 1046 2417 quia
1218 2298 1445 2387 breverint
1468 2301 1613 2405 vobis,
1639 2313 1685 2389 et
1704 2302 1930 2410 persecnti

210 2430 421 2536 potentes
455 2429 662 2534 potenter
696 2424 921 2533 patientur
956 2433 1044 2509 tor·
1097 2439 1179 2498 vos
1202 2414 1378 2515 iuterim,
1404 2425 1449 2501 et
1472 2414 1663 2502 dixerint
1686 2441 1817 2500 omne
1840 2441 1928 2499 ma·

210 2544 370 2640 menta,
388 2538 584 2625 retrahat
599 2564 646 2624 se
662 2538 829 2638 abhoc,
846 2562 936 2623 non
954 2547 1045 2623 tam
1097 2526 1188 2612 lum
1232 2527 1467 2614 adversum
1502 2554 1604 2632 vos,
1645 2529 1690 2613 in
1734 2525 1929 2614 medium

210 2654 402 2754 honore,
435 2679 566 2761 quam
598 2657 751 2752 onere,
784 2662 828 2738 et
859 2651 1046 2736 aliorum
1096 2640 1277 2772 ρζᾳάίιθ
1300 2639 1552 2743 formident,
1576 2640 1697 2744 dicit,
1721 2641 1928 2746 quoniam

210 2769 374 2868 locum,
399 2766 474 2873 qui
494 2765 614 2872 digni
632 2776 748 2868 sunt,
772 2790 861 2852 non
881 2763 1046 2852 ambiat
1096 2779 1182 2837 n1s1
1203 2752 1260 2860 ad
1283 2755 1367 2840 ista
1390 2755 1559 2840 fueritis
1581 2755 1742 2863 pareti,
1766 2755 1929 2840 frustra

211 2885 445 2990 occupere.
481 2882 565 2984 Qui
584 2881 700 2965 enim
717 2879 762 2964 in
781 2876 1045 2978 erudiendis,
1096 2866 1230 3000 etiem
1255 2867 1444 2974 proditis
1470 2870 1515 2952 in
1541 2868 1778 2977 poblicum.
1827 2869 1928 3000 Non

210 3004 348 3102 atque
366 2991 646 3081 instituendis
666 2992 723 3079 ad
742 2992 950 3078 virtdtem
967 2996 1044 3100 po·
1097 3005 1213 3065 emm
1231 3007 1312 3066 vos
1338 2987 1517 3091 oportet
1540 2979 1774 3068 maledicta
1791 2982 1927 3068 homr·

210 3109 327 3218 pulis
358 3109 569 3218 praeierit,
605 3109 789 3192 neeesse
821 3114 890 3190 est
921 3106 1045 3191 utin
1096 3121 1200 3179 num
1231 3095 1403 3198 timere,
1434 3096 1515 3183 sed
1545 3095 1717 3184 laudes:
1750 3120 1859 3202 quas
1891 3096 1928 3180 si

211 3220 415 3308 omnibu·
446 3231 625 3306 sanctus
660 3221 737 3323 sit,
774 3219 892 3305 etin
922 3219 1043 3304 nullo
1096 3207 1250 3295 audire
1277 3211 1483 3319 cupietis,
1510 3221 1614 3296 tunc
1641 3235 1745 3296 vere
1773 3210 1927 3295 infatu-

210 3334 568 3442 reprehenssssilis
583 3334 808 3420 habeatur.
831 3333 916 3436 Qui
930 3333 1045 3419 enim
1096 3320 1336 3425 audientis,
1359 3333 1492 3431 atque
1511 3320 1721 3409 calcendi.
1756 3323 1802 3408 Si
1819 3348 1927 3409 vero

211 3447 346 3532 elium
378 3448 435 3535 de
466 3448 664 3556 peccetis
696 3447 857 3552 arguit,
889 3446 986 3553 ipse
1018 3471 1045 3532 a
1095 3435 1437 3543 perseverabitis
1470 3442 1768 3545 vosmetipsos
1804 3433 1926 3522 uindi-

210 3566 398 3670 pecceto
427 3560 561 3648 debet
584 3586 681 3647 esse
706 3561 884 3645 alienus.
929 3559 1045 3644 Nam
1097 3574 1182 3657 que
1201 3550 1480 3655 castigantes,
1500 3560 1545 3635 et
1563 3549 1723 3637 deinde
1742 3549 1926 3635 audieri-

211 3699 300 3780 qua
323 3673 468 3761 fronte
491 3673 712 3779 subiectos
737 3679 922 3775 argdere
947 3677 1042 3780 pot·
1095 3664 1152 3750 tis
1176 3663 1308 3764 mala,
1336 3659 1536 3767 gaudete.
1590 3664 1690 3748 Hoc
1718 3663 1833 3747 enim
1859 3674 1927 3750 est

211 3789 309 3888 erit,
337 3813 438 3874 cum
465 3787 528 3872 illi
555 3788 704 3873 statim
730 3787 873 3893 possit
900 3789 1042 3872 corre-
1097 3802 1209 3883 opus
1228 3777 1343 3878 salis,
1368 3777 1469 3862 laxa
1489 3799 1677 3885 quaeque
1695 3781 1840 3878 erere,
1865 3786 1927 3862 at·

211 3913 309 3987 ctus
332 3904 550 4007 ingerere:
575 3904 693 3987 Ante
719 3896 916 4002 docete,
943 3925 1043 4008 quae
1096 3914 1182 3999 que
1200 3897 1476 3994 restringere.
1530 3895 1580 3998 Rg.
1611 3890 1664 3976 In
1682 3888 1841 3975 medio.

211 4025 333 4101 recta
354 4011 478 4101 sunt?
533 4021 583 4124 lt.
612 4015 893 4119 lsteentqui.
1398 4005 1549 4088 Lectio
1571 4007 1625 4086 ir.

436 4178 483 4256 In
503 4177 562 4256 ΠΙ
594 4177 804 4256 Nocturno
1096 4107 1249 4320 Non
1270 4125 1421 4223 potest
1443 4117 1597 4202 civitas
1620 4113 1835 4202 abscondi
1858 4143 1925 4202 ιιι-
2030 4117 2035 4126 ’

329 4303 338 4321 .
521 4303 530 4322 .
750 4302 774 4321 ..
890 4309 899 4332 ,
1214 4255 1296 4338 pra
1309 4239 1504 4316 montem
1523 4230 1680 4338 posita,
1697 4253 1841 4337 neque
1858 4255 1926 4315 ac·

218 4306 372 4390 ΜΟ
392 4303 777 4502 sancffigffiffl
800 4302 1042 4389 secundum
1093 4343 1289 4430 cendunt
1310 4344 1550 4449 lucernam,
1576 4353 1620 4429 et
1639 4353 1812 4452 ponunt
1828 4367 1925 4428 eam

405 4543 412 4558 ,
497 4545 520 4558 ,,
771 4545 784 4570 Ἴ
874 4545 889 4558 ,
1094 4456 1354 4544 submodio.
1381 4459 1551 4543 Rursus
1570 4483 1648 4543 eos
1666 4480 1747 4564 per
1764 4457 1848 4541 ista
1867 4456 1925 4543 ad

291 4541 444 4681 [ΡΜ
465 4572 533 4624 ‘'11·
678 4552 906 4680 Hiems)-
925 4541 961 4680 o.
1017 4665 1026 4687 ,
1093 4570 1206 4658 bene
1230 4572 1406 4657 vivendi
1428 4569 1698 4676 diligentiam
1722 4570 1923 4655 cohorte·

213 4649 288 4867 In
305 4661 383 4794 1¹19
396 4666 614 4794 tempore:
631 4661 897 4791 D¹¹1ssJ0⁸U⁸
917 4659 1042 4745 dlflcl·
1093 4696 1180 4771 tur:
1216 4685 1473 4786 ostendens,
1505 4693 1555 4770 ut
1587 4682 1794 4769 strideant
1826 4707 1924 4768 esse

274 4775 394 4883 pullfl
418 4801 523 4860 ⁵111&
552 4775 647 4860 VOS
674 4786 781 4861 0³11ss
808 4772 874 4857 ⁸³1
896 4784 1041 4859 ieme*
1093 4798 1283 4900 solliciti,
1298 4799 1423 4903 quasi
1433 4808 1534 4883 ante
1549 4797 1742 4882 omnium
1756 4795 1926 4882 scilicet

214 4886 334 4994 (11¹0d
351 4887 390 4972 Si
408 4887 729 5019 flalfivflffl'lersts
746 4885 791 4970 in
810 4910 898 4991 <11¹0
918 4880 1041 4970 selle·
1094 4911 1248 4997 oculos
1267 4911 1506 5010 constituti,
1523 4912 1627 4997 etin
1639 4908 1787 4997 medio
1802 4909 1924 4996 orbis

211 4999 306 5086 ms?
334 5001 392 5088 Et
409 5001 587 5108 rellqua·
1091 5029 1308 5110 terrorum
1340 5029 1560 5110 certentes
1594 5025 1782 5110 theetro.
1833 5022 1922 5109 No·

239 5140 431 5226 Homilia
449 5141 489 5225 S.
508 5141 534 5224 J
535 5139 691 5224 oennis
708 5136 1024 5242 chrysostomi.
1093 5137 1186 5238 lite,
1212 5139 1370 5244 inquit,
1395 5143 1611 5246 aspicere,
1638 5137 1741 5244 quia
1765 5139 1810 5220 in
1834 5138 1921 5222 isto

503 5263 673 5332 Homilia
700 5263 748 5330 15.
1092 5276 1207 5336 nunc
1225 5251 1468 5337 residemus
1490 5253 1606 5352 loco,
1630 5261 1680 5336 ut
1701 5251 1745 5334 in
1764 5255 1922 5354 exigua

225 5410 247 5465 ·,
268 5440 270 5443 ,
292 5444 305 5483 χ
324 5464 326 5479 1
342 5367 451 5454 olite
469 5367 525 5453 de
541 5365 802 5453 difficultote
818 5366 1041 5471 conqueri,
1093 5391 1243 5450 sumus
1267 5375 1394 5473 parte
1423 5365 1690 5452 certeminis:
1717 5364 1782 5448 sic
1805 5363 1922 5449 enim

225 5526 228 5589 3
295 5492 327 5589 i,
360 5483 486 5589 quasi
514 5481 588 5587 qni
621 5478 868 5566 doctrinam
898 5503 1042 5564 meam
1093 5479 1215 5565 eritis
1254 5479 1472 5565 manifesti
1509 5480 1677 5564 cunctis
1713 5475 1920 5586 quemod-

312 5594 316 5601 ’
359 5594 592 5680 molestam
614 5617 713 5679 esse
738 5591 910 5679 dicetis:
934 5593 1038 5677 infa-
1091 5589 1273 5678 modum
1302 5593 1457 5678 civitas
1486 5592 1532 5677 in
1560 5591 1723 5678 montis
1754 5589 1920 5676 vertice
