<?xml version="1.0" encoding="UTF-8"?>
<!DOCTYPE html PUBLIC "-//W3C//DTD XHTML 1.0 Transitional//EN"
    "http://www.w3.org/TR/xhtml1/DTD/xhtml1-transitional.dtd">
<html xmlns="http://www.w3.org/1999/xhtml" xml:lang="en" lang="en">
 <head>
  <title>
</title>
<meta http-equiv="Content-Type" content="text/html;charset=utf-8" />
  <meta name='ocr-system' content='tesseract 3.04.00' />
  <meta name='ocr-capabilities' content='ocr_page ocr_carea ocr_par ocr_line ocrx_word'/>
</head>
<body>
  <div class='ocr_page' id='page_1' title='image "./officiaproprias01churgoog_0269.png"; bbox 0 0 4346 6176; ppageno 0'>
   <div class='ocr_carea' id='block_1_1' title="bbox 932 495 1353 581">
    <p class='ocr_par' dir='ltr' id='par_1_1' title="bbox 932 495 1353 581">
     <span class='ocr_line' id='line_1_1' title="bbox 932 495 1353 581; baseline 0 -19"><span class='ocrx_word' id='word_1_1' title='bbox 932 495 1047 564; x_wconf 84' lang='lat' dir='ltr'>Festa</span> <span class='ocrx_word' id='word_1_2' title='bbox 1072 495 1251 581; x_wconf 76' lang='lat' dir='ltr'>Augusti.</span> <span class='ocrx_word' id='word_1_3' title='bbox 1276 495 1353 580; x_wconf 77' lang='lat'><strong>(26.)</strong></span> 
     </span>
    </p>
   </div>
   <div class='ocr_carea' id='block_1_2' title="bbox 280 683 1999 1448">
    <p class='ocr_par' dir='ltr' id='par_1_2' title="bbox 281 683 1997 899">
     <span class='ocr_line' id='line_1_2' title="bbox 282 683 1997 789; baseline 0.002 -21"><span class='ocrx_word' id='word_1_4' title='bbox 282 683 445 769; x_wconf 85' lang='lat' dir='ltr'>Christi</span> <span class='ocrx_word' id='word_1_5' title='bbox 481 685 684 786; x_wconf 77' lang='lat' dir='ltr'>caritote,</span> <span class='ocrx_word' id='word_1_6' title='bbox 725 709 777 772; x_wconf 85' lang='lat' dir='ltr'>ac</span> <span class='ocrx_word' id='word_1_7' title='bbox 812 683 1117 772; x_wconf 69' lang='lat' dir='ltr'>misericordia</span> <span class='ocrx_word' id='word_1_8' title='bbox 1166 686 1319 770; x_wconf 85' lang='lat' dir='ltr'>Mariae</span> <span class='ocrx_word' id='word_1_9' title='bbox 1340 688 1608 789; x_wconf 83' lang='lat' dir='ltr'>regnantem.</span> <span class='ocrx_word' id='word_1_10' title='bbox 1636 685 1819 772; x_wconf 91' lang='lat' dir='ltr'>Laudet.</span> <span class='ocrx_word' id='word_1_11' title='bbox 1849 687 1997 771; x_wconf 86' lang='lat' dir='ltr'>Gloria</span> 
     </span>
     <span class='ocr_line' id='line_1_3' title="bbox 281 795 1491 899; baseline 0.001 -19"><span class='ocrx_word' id='word_1_12' title='bbox 281 795 550 881; x_wconf 92' lang='lat' dir='ltr'>simillimum</span> <span class='ocrx_word' id='word_1_13' title='bbox 567 821 667 892; x_wconf 83' lang='lat' dir='ltr'>esse</span> <span class='ocrx_word' id='word_1_14' title='bbox 685 798 881 884; x_wconf 85' lang='lat' dir='ltr'>voluisti:</span> <span class='ocrx_word' id='word_1_15' title='bbox 904 797 1116 899; x_wconf 76' lang='lat' dir='ltr'>concode3</span> <span class='ocrx_word' id='word_1_16' title='bbox 1165 798 1298 883; x_wconf 91' lang='lat' dir='ltr'>Patri.</span> <span class='ocrx_word' id='word_1_17' title='bbox 1326 795 1491 882; x_wconf 88' lang='lat' dir='ltr'>Omnis.</span> 
     </span>
    </p>

    <p class='ocr_par' dir='ltr' id='par_1_3' title="bbox 280 903 1999 1241">
     <span class='ocr_line' id='line_1_4' title="bbox 280 903 1996 1017; baseline -0.001 -23"><span class='ocrx_word' id='word_1_18' title='bbox 280 917 329 994; x_wconf 91' lang='lat' dir='ltr'>ut</span> <span class='ocrx_word' id='word_1_19' title='bbox 360 909 437 1015; x_wconf 90' lang='lat' dir='ltr'>qui</span> <span class='ocrx_word' id='word_1_20' title='bbox 461 908 589 1017; x_wconf 86' lang='lat' dir='ltr'>hujus</span> <span class='ocrx_word' id='word_1_21' title='bbox 622 909 864 996; x_wconf 81' lang='lat' dir='ltr'>dulcissimi</span> <span class='ocrx_word' id='word_1_22' title='bbox 896 921 940 997; x_wconf 90' lang='lat' dir='ltr'>et</span> <span class='ocrx_word' id='word_1_23' title='bbox 970 936 1114 995; x_wconf 91' lang='lat' dir='ltr'>aman-</span> <span class='ocrx_word' id='word_1_24' title='bbox 1221 903 1271 1006; x_wconf 76' lang='lat' dir='ltr'>v.</span> <span class='ocrx_word' id='word_1_25' title='bbox 1295 910 1430 995; x_wconf 88' lang='lat' dir='ltr'>Vivet</span> <span class='ocrx_word' id='word_1_26' title='bbox 1457 935 1535 997; x_wconf 93' lang='lat' dir='ltr'>cor</span> <span class='ocrx_word' id='word_1_27' title='bbox 1562 911 1734 1010; x_wconf 87' lang='lat' dir='ltr'>Mariae,</span> <span class='ocrx_word' id='word_1_28' title='bbox 1761 922 1807 997; x_wconf 88' lang='lat' dir='ltr'>et</span> <span class='ocrx_word' id='word_1_29' title='bbox 1832 910 1996 996; x_wconf 75' lang='lat' dir='ltr'>laetabi-</span> 
     </span>
     <span class='ocr_line' id='line_1_5' title="bbox 281 1021 1999 1128; baseline -0.001 -21"><span class='ocrx_word' id='word_1_30' title='bbox 281 1022 439 1107; x_wconf 83' lang='lat' dir='ltr'>tissimi</span> <span class='ocrx_word' id='word_1_31' title='bbox 471 1022 618 1107; x_wconf 91' lang='lat' dir='ltr'>cordis</span> <span class='ocrx_word' id='word_1_32' title='bbox 648 1024 906 1109; x_wconf 91' lang='lat' dir='ltr'>memoriam</span> <span class='ocrx_word' id='word_1_33' title='bbox 934 1024 1115 1127; x_wconf 78' lang='lat' dir='ltr'>agimus,</span> <span class='ocrx_word' id='word_1_34' title='bbox 1166 1021 1301 1104; x_wconf 88' lang='lat' dir='ltr'>turin</span> <span class='ocrx_word' id='word_1_35' title='bbox 1319 1021 1525 1107; x_wconf 84' lang='lat' dir='ltr'>Domino</span> <span class='ocrx_word' id='word_1_36' title='bbox 1568 1025 1619 1128; x_wconf 60' lang='lat' dir='ltr'>lo.</span> <span class='ocrx_word' id='word_1_37' title='bbox 1641 1023 1699 1106; x_wconf 90' lang='lat' dir='ltr'>Et</span> <span class='ocrx_word' id='word_1_38' title='bbox 1715 1022 1884 1108; x_wconf 78' lang='lat' dir='ltr'>amabit</span> <span class='ocrx_word' id='word_1_39' title='bbox 1901 1046 1999 1106; x_wconf 89' lang='lat' dir='ltr'>eum</span> 
     </span>
     <span class='ocr_line' id='line_1_6' title="bbox 281 1132 1622 1241; baseline -0.003 -20"><span class='ocrx_word' id='word_1_40' title='bbox 281 1135 479 1241; x_wconf 82' lang='lat' dir='ltr'>ejusdcm</span> <span class='ocrx_word' id='word_1_41' title='bbox 496 1135 663 1220; x_wconf 79' lang='lat' dir='ltr'>meritis</span> <span class='ocrx_word' id='word_1_42' title='bbox 684 1136 929 1222; x_wconf 85' lang='lat' dir='ltr'>secundum</span> <span class='ocrx_word' id='word_1_43' title='bbox 947 1160 1024 1221; x_wconf 91' lang='lat' dir='ltr'>cor</span> <span class='ocrx_word' id='word_1_44' title='bbox 1044 1135 1071 1218; x_wconf 87' lang='lat' dir='ltr'>J</span> <span class='ocrx_word' id='word_1_45' title='bbox 1072 1159 1113 1219; x_wconf 93' lang='lat' dir='ltr'>e·</span> <span class='ocrx_word' id='word_1_46' title='bbox 1165 1133 1210 1216; x_wconf 93' lang='lat' dir='ltr'>in</span> <span class='ocrx_word' id='word_1_47' title='bbox 1229 1132 1440 1218; x_wconf 76' lang='lat' dir='ltr'>saeculum</span> <span class='ocrx_word' id='word_1_48' title='bbox 1459 1134 1622 1220; x_wconf 68' lang='lat' dir='ltr'>saeculi.</span> 
     </span>
    </p>

    <p class='ocr_par' dir='ltr' id='par_1_4' title="bbox 280 1247 1779 1399">
     <span class='ocr_line' id='line_1_7' title="bbox 280 1247 1779 1399; baseline -0.002 -66"><span class='ocrx_word' id='word_1_49' title='bbox 280 1273 335 1333; x_wconf 91' lang='lat' dir='ltr'>su</span> <span class='ocrx_word' id='word_1_50' title='bbox 364 1247 550 1334; x_wconf 92' lang='lat' dir='ltr'>inveniri</span> <span class='ocrx_word' id='word_1_51' title='bbox 577 1252 836 1364; x_wconf 66' lang='lat' dir='ltr'>mereamur.</span> <span class='ocrx_word' id='word_1_52' title='bbox 886 1249 971 1333; x_wconf 91' lang='lat' dir='ltr'>Per</span> <span class='ocrx_word' id='word_1_53' title='bbox 998 1253 1114 1332; x_wconf 86' lang='lat' dir='ltr'>eum·</span> <span class='ocrx_word' id='word_1_54' title='bbox 1372 1293 1435 1378; x_wconf 61' lang='lat' dir='ltr'>ln</span> <span class='ocrx_word' id='word_1_55' title='bbox 1455 1295 1508 1379; x_wconf 79' lang='grc' dir='ltr'>Π</span> <span class='ocrx_word' id='word_1_56' title='bbox 1538 1293 1779 1399; x_wconf 58' lang='lat' dir='ltr'>vesperis</span> 
     </span>
    </p>

    <p class='ocr_par' dir='ltr' id='par_1_5' title="bbox 281 1358 1791 1448">
     <span class='ocr_line' id='line_1_8' title="bbox 281 1358 1791 1448; baseline -0.005 0"><span class='ocrx_word' id='word_1_57' title='bbox 281 1358 384 1448; x_wconf 91' lang='lat' dir='ltr'>dem</span> <span class='ocrx_word' id='word_1_58' title='bbox 408 1360 660 1446; x_wconf 90' lang='lat' dir='ltr'>Dominum.</span> <span class='ocrx_word' id='word_1_59' title='bbox 1508 1359 1519 1380; x_wconf 76' lang='lat'>⁶</span> <span class='ocrx_word' id='word_1_60' title='bbox 1781 1358 1791 1378; x_wconf 86' lang='lat'>&#39;</span> 
     </span>
    </p>
   </div>
   <div class='ocr_carea' id='block_1_3' title="bbox 1224 1419 1748 1490">
    <p class='ocr_par' dir='ltr' id='par_1_6' title="bbox 1224 1419 1748 1490">
     <span class='ocr_line' id='line_1_9' title="bbox 1224 1419 1748 1490; baseline 0.004 -2"><span class='ocrx_word' id='word_1_61' title='bbox 1224 1419 1362 1488; x_wconf 83' lang='lat' dir='ltr'>Omnia</span> <span class='ocrx_word' id='word_1_62' title='bbox 1386 1419 1567 1488; x_wconf 87' lang='lat' dir='ltr'>dicuntur</span> <span class='ocrx_word' id='word_1_63' title='bbox 1590 1427 1633 1488; x_wconf 91' lang='lat' dir='ltr'>ut</span> <span class='ocrx_word' id='word_1_64' title='bbox 1656 1423 1696 1490; x_wconf 93' lang='lat' dir='ltr'>in</span> <span class='ocrx_word' id='word_1_65' title='bbox 1721 1422 1748 1490; x_wconf 87' lang='lat'>1.</span> 
     </span>
    </p>
   </div>
   <div class='ocr_carea' id='block_1_4' title="bbox 334 1520 2001 1861">
    <p class='ocr_par' dir='ltr' id='par_1_7' title="bbox 334 1520 2001 1861">
     <span class='ocr_line' id='line_1_10' title="bbox 551 1520 2000 1632; baseline 0.002 -24"><span class='ocrx_word' id='word_1_66' title='bbox 551 1521 621 1596; x_wconf 85' lang='lat' dir='ltr'>Ad</span> <span class='ocrx_word' id='word_1_67' title='bbox 644 1520 849 1599; x_wconf 81' lang='lat' dir='ltr'>Tertiam.</span> <span class='ocrx_word' id='word_1_68' title='bbox 1219 1531 1291 1612; x_wconf 84' lang='lat' dir='ltr'>Ad</span> <span class='ocrx_word' id='word_1_69' title='bbox 1319 1531 1492 1632; x_wconf 79' lang='lat' dir='ltr'>Magnis.</span> <span class='ocrx_word' id='word_1_70' title='bbox 1538 1531 1638 1614; x_wconf 84' lang='lat' dir='ltr'>Ant.</span> <span class='ocrx_word' id='word_1_71' title='bbox 1683 1529 1891 1616; x_wconf 79' lang='lat' dir='ltr'>Exsultet</span> <span class='ocrx_word' id='word_1_72' title='bbox 1923 1554 2000 1615; x_wconf 91' lang='lat' dir='ltr'>cor</span> 
     </span>
     <span class='ocr_line' id='line_1_11' title="bbox 334 1635 2001 1747; baseline 0.007 -33"><span class='ocrx_word' id='word_1_73' title='bbox 334 1637 434 1716; x_wconf 77' lang='lat' dir='ltr'>hnt.</span> <span class='ocrx_word' id='word_1_74' title='bbox 463 1635 636 1723; x_wconf 81' lang='lat' dir='ltr'>invonit</span> <span class='ocrx_word' id='word_1_75' title='bbox 653 1635 881 1721; x_wconf 91' lang='lat' dir='ltr'>Dominus.</span> <span class='ocrx_word' id='word_1_76' title='bbox 1165 1642 1317 1729; x_wconf 84' lang='lat' dir='ltr'>Mariae</span> <span class='ocrx_word' id='word_1_77' title='bbox 1348 1644 1393 1728; x_wconf 93' lang='lat' dir='ltr'>in</span> <span class='ocrx_word' id='word_1_78' title='bbox 1419 1642 1519 1729; x_wconf 88' lang='lat' dir='ltr'>Deo</span> <span class='ocrx_word' id='word_1_79' title='bbox 1552 1642 1734 1729; x_wconf 77' lang='lat' dir='ltr'>salutari</span> <span class='ocrx_word' id='word_1_80' title='bbox 1765 1667 1866 1746; x_wconf 89' lang='lat' dir='ltr'>suo,</span> <span class='ocrx_word' id='word_1_81' title='bbox 1899 1640 2001 1747; x_wconf 92' lang='lat' dir='ltr'>qnia</span> 
     </span>
     <span class='ocr_line' id='line_1_12' title="bbox 334 1754 1959 1861; baseline 0 -22"><span class='ocrx_word' id='word_1_82' title='bbox 334 1757 471 1858; x_wconf 83' lang='lat' dir='ltr'>Capit.</span> <span class='ocrx_word' id='word_1_83' title='bbox 507 1757 623 1844; x_wconf 84' lang='lat' dir='ltr'>Pone</span> <span class='ocrx_word' id='word_1_84' title='bbox 640 1784 723 1845; x_wconf 92' lang='lat' dir='ltr'>me.</span> <span class='ocrx_word' id='word_1_85' title='bbox 748 1759 831 1843; x_wconf 82' lang='grc'>69*</span> <span class='ocrx_word' id='word_1_86' title='bbox 1165 1754 1269 1843; x_wconf 87' lang='lat' dir='ltr'>fecit</span> <span class='ocrx_word' id='word_1_87' title='bbox 1296 1756 1380 1842; x_wconf 92' lang='lat' dir='ltr'>sibi</span> <span class='ocrx_word' id='word_1_88' title='bbox 1402 1780 1561 1861; x_wconf 87' lang='lat' dir='ltr'>magna</span> <span class='ocrx_word' id='word_1_89' title='bbox 1589 1754 1665 1861; x_wconf 91' lang='lat' dir='ltr'>qui</span> <span class='ocrx_word' id='word_1_90' title='bbox 1690 1764 1852 1861; x_wconf 90' lang='lat' dir='ltr'>potens</span> <span class='ocrx_word' id='word_1_91' title='bbox 1879 1763 1959 1839; x_wconf 82' lang='lat' dir='ltr'>est</span> 
     </span>
    </p>
   </div>
   <div class='ocr_carea' id='block_1_5' title="bbox 278 1884 1998 2309">
    <p class='ocr_par' dir='ltr' id='par_1_8' title="bbox 279 1884 1998 2160">
     <span class='ocr_line' id='line_1_13' title="bbox 279 1884 1778 2050; baseline -0.001 -84"><span class='ocrx_word' id='word_1_92' title='bbox 279 2003 301 2050; x_wconf 59' lang='lat'>*</span> <span class='ocrx_word' id='word_1_93' title='bbox 334 1889 381 1990; x_wconf 61' lang='lat' dir='ltr'>lt.</span> <span class='ocrx_word' id='word_1_94' title='bbox 402 1887 463 1968; x_wconf 86' lang='lat' dir='ltr'>br.</span> <span class='ocrx_word' id='word_1_95' title='bbox 491 1885 703 1973; x_wconf 80' lang='lat' dir='ltr'>Parotum</span> <span class='ocrx_word' id='word_1_96' title='bbox 721 1910 801 1972; x_wconf 91' lang='lat' dir='ltr'>cor</span> <span class='ocrx_word' id='word_1_97' title='bbox 817 1908 965 2029; x_wconf 66' lang='lat' dir='ltr'>meum</span> <span class='ocrx_word' id='word_1_98' title='bbox 980 1884 1113 2015; x_wconf 77' lang='lat' dir='ltr'>Deus,</span> <span class='ocrx_word' id='word_1_99' title='bbox 1386 1928 1471 2013; x_wconf 62' lang='lat' dir='ltr'>Die</span> <span class='ocrx_word' id='word_1_100' title='bbox 1489 1929 1557 2012; x_wconf 41' lang='lat'>26·</span> <span class='ocrx_word' id='word_1_101' title='bbox 1576 1927 1778 2031; x_wconf 40' lang='lat' dir='ltr'><strong>Augusti·</strong></span> 
     </span>
     <span class='ocr_line' id='line_1_14' title="bbox 317 1995 1998 2160; baseline -0.001 -16"><span class='ocrx_word' id='word_1_102' title='bbox 317 1995 538 2083; x_wconf 53' lang='lat' dir='ltr'>paritum</span> <span class='ocrx_word' id='word_1_103' title='bbox 555 1997 778 2083; x_wconf 49' lang='lat' dir='ltr'><strong>Paratum</strong></span> <span class='ocrx_word' id='word_1_104' title='bbox 805 1997 856 2089; x_wconf 36' lang='grc' dir='ltr'>θ’</span> <span class='ocrx_word' id='word_1_105' title='bbox 877 1997 939 2084; x_wconf 65' lang='lat' dir='ltr'>Ut</span> <span class='ocrx_word' id='word_1_106' title='bbox 956 1996 1115 2126; x_wconf 52' lang='lat' dir='ltr'>simin</span> <span class='ocrx_word' id='word_1_107' title='bbox 1165 2054 1471 2142; x_wconf 68' lang='lat' dir='ltr'>arabicis</span> <span class='ocrx_word' id='word_1_108' title='bbox 1499 2058 1693 2160; x_wconf 83' lang='lat' dir='ltr'>Virginis</span> <span class='ocrx_word' id='word_1_109' title='bbox 1723 2070 1766 2142; x_wconf 88' lang='lat' dir='ltr'>et</span> <span class='ocrx_word' id='word_1_110' title='bbox 1793 2060 1998 2143; x_wconf 85' lang='lat' dir='ltr'>Patronae</span> 
     </span>
    </p>

    <p class='ocr_par' dir='ltr' id='par_1_9' title="bbox 280 2107 1659 2196">
     <span class='ocr_line' id='line_1_15' title="bbox 280 2107 1659 2196; baseline -0.004 -3"><span class='ocrx_word' id='word_1_111' title='bbox 280 2107 553 2195; x_wconf 77' lang='lat' dir='ltr'>voluntdtem</span> <span class='ocrx_word' id='word_1_112' title='bbox 566 2120 697 2196; x_wconf 84' lang='lat' dir='ltr'>tuam</span> <span class='ocrx_word' id='word_1_113' title='bbox 717 2109 938 2196; x_wconf 78' lang='lat' dir='ltr'>Paratum.</span> <span class='ocrx_word' id='word_1_114' title='bbox 959 2108 1115 2192; x_wconf 87' lang='lat' dir='ltr'>Glorra</span> <span class='ocrx_word' id='word_1_115' title='bbox 1651 2172 1659 2188; x_wconf 93' lang='lat'>.</span> 
     </span>
    </p>

    <p class='ocr_par' dir='ltr' id='par_1_10' title="bbox 278 2169 1691 2309">
     <span class='ocr_line' id='line_1_16' title="bbox 278 2169 1691 2309; baseline -0.002 -54"><span class='ocrx_word' id='word_1_116' title='bbox 278 2220 411 2305; x_wconf 53' lang='lat' dir='ltr'><strong>Patri·</strong></span> <span class='ocrx_word' id='word_1_117' title='bbox 437 2221 660 2309; x_wconf 52' lang='lat' dir='ltr'><strong>Paratum·</strong></span> <span class='ocrx_word' id='word_1_118' title='bbox 1471 2169 1691 2276; x_wconf 75' lang='lat' dir='ltr'>NerOili.</span> 
     </span>
    </p>
   </div>
   <div class='ocr_carea' id='block_1_6' title="bbox 333 2291 1833 2492">
    <p class='ocr_par' dir='ltr' id='par_1_11' title="bbox 333 2291 1833 2492">
     <span class='ocr_line' id='line_1_17' title="bbox 333 2291 1833 2492; baseline 0.02 -47"><span class='ocrx_word' id='word_1_119' title='bbox 333 2343 381 2445; x_wconf 67' lang='lat' dir='ltr'>ii·</span> <span class='ocrx_word' id='word_1_120' title='bbox 405 2351 688 2438; x_wconf 56' lang='lat' dir='ltr'>Desiderium</span> <span class='ocrx_word' id='word_1_121' title='bbox 706 2349 855 2439; x_wconf 64' lang='lat' dir='ltr'>cordis</span> <span class='ocrx_word' id='word_1_122' title='bbox 869 2350 1021 2435; x_wconf 62' lang='lat' dir='ltr'>Marfae</span> <span class='ocrx_word' id='word_1_123' title='bbox 1041 2373 1113 2432; x_wconf 71' lang='lat' dir='ltr'>au*</span> <span class='ocrx_word' id='word_1_124' title='bbox 1219 2402 1357 2471; x_wconf 89' lang='lat' dir='ltr'>Omnia</span> <span class='ocrx_word' id='word_1_125' title='bbox 1375 2291 1586 2475; x_wconf 60' lang='lat' dir='ltr'>deliiiririiri</span> <span class='ocrx_word' id='word_1_126' title='bbox 1597 2313 1833 2492; x_wconf 48' lang='lat' dir='ltr'>iiiiigpraet</span> 
     </span>
    </p>
   </div>
   <div class='ocr_carea' id='block_1_7' title="bbox 279 2463 1114 2683">
    <p class='ocr_par' dir='ltr' id='par_1_12' title="bbox 279 2463 1114 2683">
     <span class='ocr_line' id='line_1_18' title="bbox 280 2463 1114 2570; baseline -0.004 -22"><span class='ocrx_word' id='word_1_127' title='bbox 280 2463 392 2549; x_wconf 92' lang='lat' dir='ltr'>divit</span> <span class='ocrx_word' id='word_1_128' title='bbox 404 2464 633 2552; x_wconf 90' lang='lat' dir='ltr'>Dominus.</span> <span class='ocrx_word' id='word_1_129' title='bbox 671 2463 717 2564; x_wconf 64' lang='lat' dir='ltr'>li.</span> <span class='ocrx_word' id='word_1_130' title='bbox 735 2463 1114 2570; x_wconf 87' lang='lat' dir='ltr'>Praeparationem</span> 
     </span>
     <span class='ocr_line' id='line_1_19' title="bbox 279 2573 1030 2683; baseline -0.005 -22"><span class='ocrx_word' id='word_1_131' title='bbox 279 2575 429 2663; x_wconf 91' lang='lat' dir='ltr'>cordis</span> <span class='ocrx_word' id='word_1_132' title='bbox 446 2577 585 2683; x_wconf 90' lang='lat' dir='ltr'>ipsius</span> <span class='ocrx_word' id='word_1_133' title='bbox 604 2573 772 2661; x_wconf 90' lang='lat' dir='ltr'>audivit</span> <span class='ocrx_word' id='word_1_134' title='bbox 790 2575 908 2660; x_wconf 82' lang='lat' dir='ltr'>auris</span> <span class='ocrx_word' id='word_1_135' title='bbox 927 2577 1030 2682; x_wconf 86' lang='lat' dir='ltr'>ejus.</span> 
     </span>
    </p>
   </div>
   <div class='ocr_carea' id='block_1_8' title="bbox 1835 2425 1999 2491">
    <p class='ocr_par' dir='ltr' id='par_1_13' title="bbox 1835 2425 1999 2491">
     <span class='ocr_line' id='line_1_20' title="bbox 1835 2425 1999 2491; baseline -0.018 -16"><span class='ocrx_word' id='word_1_136' title='bbox 1835 2425 1876 2475; x_wconf 87' lang='lat' dir='ltr'>er</span> <span class='ocrx_word' id='word_1_137' title='bbox 1892 2425 1999 2491; x_wconf 86' lang='lat' dir='ltr'>sequ.</span> 
     </span>
    </p>
   </div>
   <div class='ocr_carea' id='block_1_9' title="bbox 1255 2523 2000 2740">
    <p class='ocr_par' dir='ltr' id='par_1_14' title="bbox 1255 2523 2000 2740">
     <span class='ocr_line' id='line_1_21' title="bbox 1255 2523 2000 2740; baseline -0.007 -19"><span class='ocrx_word' id='word_1_138' title='bbox 1255 2660 1346 2736; x_wconf 89' lang='lat' dir='ltr'>eus,</span> <span class='ocrx_word' id='word_1_139' title='bbox 1365 2635 1441 2740; x_wconf 91' lang='lat' dir='ltr'>qui</span> <span class='ocrx_word' id='word_1_140' title='bbox 1457 2523 1886 2721; x_wconf 53' lang='lat' dir='ltr'>beiiiiiriol&#39;atriciam</span> <span class='ocrx_word' id='word_1_141' title='bbox 1902 2632 2000 2717; x_wconf 86' lang='lat' dir='ltr'>Vir·</span> 
     </span>
    </p>
   </div>
   <div class='ocr_carea' id='block_1_10' title="bbox 334 2728 2158 2962">
    <p class='ocr_par' dir='ltr' id='par_1_15' title="bbox 334 2728 2158 2962">
     <span class='ocr_line' id='line_1_22' title="bbox 557 2728 2158 2852; baseline 0.002 -25"><span class='ocrx_word' id='word_1_142' title='bbox 557 2739 627 2814; x_wconf 83' lang='lat' dir='ltr'>Ad</span> <span class='ocrx_word' id='word_1_143' title='bbox 650 2737 839 2814; x_wconf 70' lang='lat' dir='ltr'>Sextum.</span> <span class='ocrx_word' id='word_1_144' title='bbox 948 2728 959 2743; x_wconf 73' lang='grc'><em>’</em></span> <span class='ocrx_word' id='word_1_145' title='bbox 1286 2748 1450 2852; x_wconf 84' lang='lat' dir='ltr'>ginem,</span> <span class='ocrx_word' id='word_1_146' title='bbox 1476 2749 1654 2832; x_wconf 65' lang='lat' dir='ltr'>terrena</span> <span class='ocrx_word' id='word_1_147' title='bbox 1679 2745 1826 2830; x_wconf 93' lang='lat' dir='ltr'>omnia</span> <span class='ocrx_word' id='word_1_148' title='bbox 1851 2755 2001 2829; x_wconf 85' lang='lat' dir='ltr'>conte·</span> <span class='ocrx_word' id='word_1_149' title='bbox 2157 2823 2158 2852; x_wconf 55' lang='lat'>,</span> 
     </span>
     <span class='ocr_line' id='line_1_23' title="bbox 334 2849 2158 2962; baseline 0.005 -32"><span class='ocrx_word' id='word_1_150' title='bbox 334 2855 432 2934; x_wconf 76' lang='lat' dir='ltr'>Ant.</span> <span class='ocrx_word' id='word_1_151' title='bbox 462 2855 557 2957; x_wconf 81' lang='lat' dir='ltr'>ligo</span> <span class='ocrx_word' id='word_1_152' title='bbox 577 2849 762 2938; x_wconf 92' lang='lat' dir='ltr'>dormio.</span> <span class='ocrx_word' id='word_1_153' title='bbox 1164 2862 1403 2962; x_wconf 78' lang='lat' dir='ltr'>mnentem,</span> <span class='ocrx_word' id='word_1_154' title='bbox 1430 2859 1625 2944; x_wconf 80' lang='lat' dir='ltr'>coelostis</span> <span class='ocrx_word' id='word_1_155' title='bbox 1650 2856 1807 2961; x_wconf 83' lang='lat' dir='ltr'>gloriae</span> <span class='ocrx_word' id='word_1_156' title='bbox 1836 2858 2003 2941; x_wconf 89' lang='lat' dir='ltr'>corona</span> <span class='ocrx_word' id='word_1_157' title='bbox 2157 2861 2158 2880; x_wconf 78' lang='lat'>³</span> 
     </span>
    </p>
   </div>
   <div class='ocr_carea' id='block_1_11' title="bbox 360 2970 2001 3100">
    <p class='ocr_par' dir='ltr' id='par_1_16' title="bbox 360 2970 2001 3100">
     <span class='ocr_line' id='line_1_24' title="bbox 360 2970 2001 3100; baseline -0.011 -32"><span class='ocrx_word' id='word_1_158' title='bbox 360 2997 619 3100; x_wconf 72' lang='lat' dir='ltr'>Capitulum,</span> <span class='ocrx_word' id='word_1_159' title='bbox 846 2995 979 3080; x_wconf 63' lang='lat' dir='ltr'>Lucae</span> <span class='ocrx_word' id='word_1_160' title='bbox 995 2999 1032 3078; x_wconf 63' lang='lat'>2,</span> <span class='ocrx_word' id='word_1_161' title='bbox 1166 2970 1405 3057; x_wconf 78' lang='lat' dir='ltr'>decorasti:</span> <span class='ocrx_word' id='word_1_162' title='bbox 1429 2970 1642 3074; x_wconf 79' lang='lat' dir='ltr'>concede3</span> <span class='ocrx_word' id='word_1_163' title='bbox 1665 2979 1715 3054; x_wconf 92' lang='lat' dir='ltr'>ut</span> <span class='ocrx_word' id='word_1_164' title='bbox 1739 2971 1831 3076; x_wconf 85' lang='lat' dir='ltr'>ejus</span> <span class='ocrx_word' id='word_1_165' title='bbox 1855 2971 2001 3054; x_wconf 80' lang='lat' dir='ltr'>exem·</span> 
     </span>
    </p>
   </div>
   <div class='ocr_carea' id='block_1_12' title="bbox 362 3081 2002 3347">
    <p class='ocr_par' dir='ltr' id='par_1_17' title="bbox 362 3081 2002 3347">
     <span class='ocr_line' id='line_1_25' title="bbox 362 3081 2002 3233; baseline -0.018 -20"><span class='ocrx_word' id='word_1_166' title='bbox 362 3151 487 3212; x_wconf 91' lang='lat' dir='ltr'>mnes</span> <span class='ocrx_word' id='word_1_167' title='bbox 502 3127 578 3233; x_wconf 90' lang='lat' dir='ltr'>qui</span> <span class='ocrx_word' id='word_1_168' title='bbox 590 3125 831 3227; x_wconf 89' lang='lat' dir='ltr'>audierant,</span> <span class='ocrx_word' id='word_1_169' title='bbox 849 3126 997 3211; x_wconf 79' lang='lat' dir='ltr'>miroti</span> <span class='ocrx_word' id='word_1_170' title='bbox 1011 3135 1112 3210; x_wconf 89' lang='lat' dir='ltr'>sunt</span> <span class='ocrx_word' id='word_1_171' title='bbox 1163 3083 1258 3191; x_wconf 72' lang='lat' dir='ltr'>P¹⁰⁹</span> <span class='ocrx_word' id='word_1_172' title='bbox 1282 3083 1548 3215; x_wconf 49' lang='lat' dir='ltr'>temp‘fiffi‘}</span> <span class='ocrx_word' id='word_1_173' title='bbox 1573 3081 2002 3222; x_wconf 67' lang='lat' dir='ltr'>cunctadespicien-</span> 
     </span>
     <span class='ocr_line' id='line_1_26' title="bbox 382 3192 2002 3347; baseline -0.019 -42"><span class='ocrx_word' id='word_1_174' title='bbox 382 3237 533 3339; x_wconf 51' lang='grc' dir='ltr'>ἀὼς,</span> <span class='ocrx_word' id='word_1_175' title='bbox 549 3264 648 3347; x_wconf 70' lang='lat' dir='ltr'>quae</span> <span class='ocrx_word' id='word_1_176' title='bbox 665 3237 784 3323; x_wconf 67' lang='lat' dir='ltr'>dicta</span> <span class='ocrx_word' id='word_1_177' title='bbox 799 3247 922 3324; x_wconf 63' lang='lat' dir='ltr'>erant</span> <span class='ocrx_word' id='word_1_178' title='bbox 937 3237 993 3323; x_wconf 62' lang='lat' dir='ltr'>de</span> <span class='ocrx_word' id='word_1_179' title='bbox 1007 3238 1113 3322; x_wconf 63' lang='lat' dir='ltr'>Jesu</span> <span class='ocrx_word' id='word_1_180' title='bbox 1163 3205 1251 3298; x_wconf 87' lang='lat' dir='ltr'>tes,</span> <span class='ocrx_word' id='word_1_181' title='bbox 1288 3198 1567 3303; x_wconf 80' lang='lat' dir='ltr'>semprtorms</span> <span class='ocrx_word' id='word_1_182' title='bbox 1598 3192 1771 3299; x_wconf 85' lang='lat' dir='ltr'>gaudns</span> <span class='ocrx_word' id='word_1_183' title='bbox 1804 3194 2002 3301; x_wconf 75' lang='lat' dir='ltr'>perfrua-</span> 
     </span>
    </p>
   </div>
   <div class='ocr_carea' id='block_1_13' title="bbox 277 3307 1674 3664">
    <p class='ocr_par' dir='ltr' id='par_1_18' title="bbox 277 3307 1674 3664">
     <span class='ocr_line' id='line_1_27' title="bbox 279 3307 1674 3459; baseline -0.019 -21"><span class='ocrx_word' id='word_1_184' title='bbox 279 3350 589 3459; x_wconf 85' lang='lat' dir='ltr'>apastoribus.</span> <span class='ocrx_word' id='word_1_185' title='bbox 614 3350 755 3436; x_wconf 86' lang='lat' dir='ltr'>Maria</span> <span class='ocrx_word' id='word_1_186' title='bbox 773 3361 919 3436; x_wconf 90' lang='lat' dir='ltr'>autem</span> <span class='ocrx_word' id='word_1_187' title='bbox 938 3375 1111 3435; x_wconf 91' lang='lat' dir='ltr'>conser·</span> <span class='ocrx_word' id='word_1_188' title='bbox 1164 3333 1273 3392; x_wconf 67' lang='lat' dir='ltr'><strong>mur·</strong></span> <span class='ocrx_word' id='word_1_189' title='bbox 1312 3307 1399 3393; x_wconf 62' lang='lat' dir='ltr'>Pes</span> <span class='ocrx_word' id='word_1_190' title='bbox 1424 3308 1674 3391; x_wconf 60' lang='lat' dir='ltr'><strong>mmmm·</strong></span> 
     </span>
     <span class='ocr_line' id='line_1_28' title="bbox 278 3463 1113 3566; baseline -0.006 -16"><span class='ocrx_word' id='word_1_191' title='bbox 278 3465 413 3552; x_wconf 81' lang='lat' dir='ltr'>vobat</span> <span class='ocrx_word' id='word_1_192' title='bbox 432 3467 579 3550; x_wconf 87' lang='lat' dir='ltr'>omnia</span> <span class='ocrx_word' id='word_1_193' title='bbox 596 3463 734 3550; x_wconf 89' lang='lat' dir='ltr'>verba</span> <span class='ocrx_word' id='word_1_194' title='bbox 749 3463 858 3566; x_wconf 88' lang='lat' dir='ltr'>haec,</span> <span class='ocrx_word' id='word_1_195' title='bbox 880 3463 1113 3549; x_wconf 84' lang='lat' dir='ltr'>conferens</span> 
     </span>
     <span class='ocr_line' id='line_1_29' title="bbox 277 3574 592 3664; baseline -0.003 -2"><span class='ocrx_word' id='word_1_196' title='bbox 277 3577 323 3661; x_wconf 92' lang='lat' dir='ltr'>in</span> <span class='ocrx_word' id='word_1_197' title='bbox 342 3574 478 3664; x_wconf 88' lang='lat' dir='ltr'>corde</span> <span class='ocrx_word' id='word_1_198' title='bbox 498 3600 592 3662; x_wconf 89' lang='lat' dir='ltr'>suo.</span> 
     </span>
    </p>
   </div>
   <div class='ocr_carea' id='block_1_14' title="bbox 275 3667 2004 4781">
    <p class='ocr_par' dir='ltr' id='par_1_19' title="bbox 275 3667 2004 4781">
     <span class='ocr_line' id='line_1_30' title="bbox 330 3667 1763 3822; baseline 0.001 -34"><span class='ocrx_word' id='word_1_199' title='bbox 330 3705 382 3806; x_wconf 67' lang='lat' dir='ltr'>lb.</span> <span class='ocrx_word' id='word_1_200' title='bbox 403 3705 464 3788; x_wconf 90' lang='lat' dir='ltr'>br.</span> <span class='ocrx_word' id='word_1_201' title='bbox 490 3703 773 3792; x_wconf 80' lang='lat' dir='ltr'>Desiderium</span> <span class='ocrx_word' id='word_1_202' title='bbox 790 3703 940 3790; x_wconf 88' lang='lat' dir='ltr'>cordis</span> <span class='ocrx_word' id='word_1_203' title='bbox 959 3704 1113 3788; x_wconf 86' lang='lat' dir='ltr'>Mariae</span> <span class='ocrx_word' id='word_1_204' title='bbox 1398 3669 1448 3746; x_wconf 73' lang='lat'>1¹¹</span> <span class='ocrx_word' id='word_1_205' title='bbox 1466 3667 1518 3746; x_wconf 81' lang='grc' dir='ltr'>Π·</span> <span class='ocrx_word' id='word_1_206' title='bbox 1537 3667 1763 3822; x_wconf 52' lang='grc' dir='ltr'>ΝῩΟΨΓΠΟ·</span> 
     </span>
     <span class='ocr_line' id='line_1_31' title="bbox 278 3803 1694 3906; baseline -0.001 -4"><span class='ocrx_word' id='word_1_207' title='bbox 278 3818 301 3864; x_wconf 88' lang='lat'>*</span> <span class='ocrx_word' id='word_1_208' title='bbox 328 3818 512 3906; x_wconf 92' lang='lat' dir='ltr'>Audivit</span> <span class='ocrx_word' id='word_1_209' title='bbox 536 3818 766 3904; x_wconf 90' lang='lat' dir='ltr'>Dominus.</span> <span class='ocrx_word' id='word_1_210' title='bbox 820 3813 1112 3902; x_wconf 74' lang='lat' dir='ltr'>Desiderium.</span> <span class='ocrx_word' id='word_1_211' title='bbox 1466 3803 1694 3888; x_wconf 70' lang='lat' dir='ltr'>Lech01v·</span> 
     </span>
     <span class='ocr_line' id='line_1_32' title="bbox 282 3919 2001 4042; baseline -0.002 -20"><span class='ocrx_word' id='word_1_212' title='bbox 282 3919 329 4022; x_wconf 56' lang='lat' dir='ltr'>li·</span> <span class='ocrx_word' id='word_1_213' title='bbox 368 3930 748 4038; x_wconf 86' lang='lat' dir='ltr'>Praeparationem</span> <span class='ocrx_word' id='word_1_214' title='bbox 785 3929 933 4015; x_wconf 90' lang='lat' dir='ltr'>cordis</span> <span class='ocrx_word' id='word_1_215' title='bbox 971 3928 1110 4034; x_wconf 90' lang='lat' dir='ltr'>ipsius</span> <span class='ocrx_word' id='word_1_216' title='bbox 1278 3935 1430 4019; x_wconf 86' lang='lat' dir='ltr'>atricia</span> <span class='ocrx_word' id='word_1_217' title='bbox 1453 3935 1578 4037; x_wconf 87' lang='lat' dir='ltr'>virgo</span> <span class='ocrx_word' id='word_1_218' title='bbox 1597 3935 2001 4042; x_wconf 87' lang='lat' dir='ltr'>Constantinopoli-</span> 
     </span>
     <span class='ocr_line' id='line_1_33' title="bbox 277 4040 2001 4165; baseline 0.001 -36"><span class='ocrx_word' id='word_1_219' title='bbox 277 4043 446 4129; x_wconf 87' lang='lat' dir='ltr'>audivit</span> <span class='ocrx_word' id='word_1_220' title='bbox 464 4043 581 4127; x_wconf 87' lang='lat' dir='ltr'>auris</span> <span class='ocrx_word' id='word_1_221' title='bbox 600 4045 702 4148; x_wconf 81' lang='lat' dir='ltr'>eius.</span> <span class='ocrx_word' id='word_1_222' title='bbox 734 4041 929 4127; x_wconf 88' lang='lat' dir='ltr'>Audivit.</span> <span class='ocrx_word' id='word_1_223' title='bbox 959 4040 1110 4124; x_wconf 88' lang='lat' dir='ltr'>Gloria</span> <span class='ocrx_word' id='word_1_224' title='bbox 1207 4078 1263 4165; x_wconf 39' lang='lat' dir='ltr'>pf</span> <span class='ocrx_word' id='word_1_225' title='bbox 1301 4051 1424 4145; x_wconf 80' lang='lat' dir='ltr'>tana,</span> <span class='ocrx_word' id='word_1_226' title='bbox 1459 4047 1776 4155; x_wconf 88' lang='lat' dir='ltr'>imperatorum</span> <span class='ocrx_word' id='word_1_227' title='bbox 1812 4056 1912 4133; x_wconf 83' lang='lat' dir='ltr'>orta</span> <span class='ocrx_word' id='word_1_228' title='bbox 1945 4074 2001 4133; x_wconf 83' lang='lat' dir='ltr'>ex</span> 
     </span>
     <span class='ocr_line' id='line_1_34' title="bbox 275 4152 2002 4261; baseline 0.002 -20"><span class='ocrx_word' id='word_1_229' title='bbox 275 4157 409 4242; x_wconf 90' lang='lat' dir='ltr'>Patri.</span> <span class='ocrx_word' id='word_1_230' title='bbox 435 4152 728 4240; x_wconf 81' lang='lat' dir='ltr'>Desiderium.</span> <span class='ocrx_word' id='word_1_231' title='bbox 1222 4158 1228 4169; x_wconf 82' lang='grc'><em>’</em></span> <span class='ocrx_word' id='word_1_232' title='bbox 1303 4162 1481 4261; x_wconf 77' lang='lat' dir='ltr'>genere,</span> <span class='ocrx_word' id='word_1_233' title='bbox 1508 4161 1720 4245; x_wconf 80' lang='lat' dir='ltr'>atoneris</span> <span class='ocrx_word' id='word_1_234' title='bbox 1745 4160 1869 4244; x_wconf 88' lang='lat' dir='ltr'>annis</span> <span class='ocrx_word' id='word_1_235' title='bbox 1893 4159 1919 4243; x_wconf 89' lang='lat' dir='ltr'>J</span> <span class='ocrx_word' id='word_1_236' title='bbox 1920 4185 2002 4245; x_wconf 88' lang='lat' dir='ltr'>esu</span> 
     </span>
     <span class='ocr_line' id='line_1_35' title="bbox 333 4270 2002 4391; baseline -0.007 -22"><span class='ocrx_word' id='word_1_237' title='bbox 333 4272 382 4374; x_wconf 51' lang='lat' dir='ltr'>li.</span> <span class='ocrx_word' id='word_1_238' title='bbox 410 4284 563 4370; x_wconf 88' lang='lat' dir='ltr'>Omnis</span> <span class='ocrx_word' id='word_1_239' title='bbox 591 4285 773 4391; x_wconf 87' lang='lat' dir='ltr'>spiritus</span> <span class='ocrx_word' id='word_1_240' title='bbox 801 4284 954 4370; x_wconf 84' lang='lat' dir='ltr'>laudet</span> <span class='ocrx_word' id='word_1_241' title='bbox 981 4285 1109 4369; x_wconf 75' lang='lat' dir='ltr'>Dum.</span> <span class='ocrx_word' id='word_1_242' title='bbox 1164 4270 1328 4357; x_wconf 89' lang='lat' dir='ltr'>Christi</span> <span class='ocrx_word' id='word_1_243' title='bbox 1353 4275 1505 4357; x_wconf 86' lang='lat' dir='ltr'>amore</span> <span class='ocrx_word' id='word_1_244' title='bbox 1530 4275 1759 4373; x_wconf 77' lang='lat' dir='ltr'>succensa,</span> <span class='ocrx_word' id='word_1_245' title='bbox 1784 4280 1929 4358; x_wconf 91' lang='lat' dir='ltr'>totam</span> <span class='ocrx_word' id='word_1_246' title='bbox 1953 4298 2002 4358; x_wconf 91' lang='lat' dir='ltr'>se</span> 
     </span>
     <span class='ocr_line' id='line_1_36' title="bbox 279 4384 2003 4499; baseline -0.001 -25"><span class='ocrx_word' id='word_1_247' title='bbox 279 4397 329 4496; x_wconf 64' lang='lat' dir='ltr'>lo.</span> <span class='ocrx_word' id='word_1_248' title='bbox 356 4399 409 4482; x_wconf 93' lang='lat' dir='ltr'>In</span> <span class='ocrx_word' id='word_1_249' title='bbox 425 4394 573 4499; x_wconf 45' lang='lat' dir='ltr'>,corde</span> <span class='ocrx_word' id='word_1_250' title='bbox 599 4396 754 4482; x_wconf 85' lang='lat' dir='ltr'>Mariae</span> <span class='ocrx_word' id='word_1_251' title='bbox 779 4400 1048 4499; x_wconf 79' lang='lat' dir='ltr'>regnantem.</span> <span class='ocrx_word' id='word_1_252' title='bbox 1163 4386 1261 4471; x_wconf 88' lang='lat' dir='ltr'>Deo</span> <span class='ocrx_word' id='word_1_253' title='bbox 1280 4384 1456 4482; x_wconf 69' lang='lat' dir='ltr'>dedere,</span> <span class='ocrx_word' id='word_1_254' title='bbox 1473 4384 1625 4492; x_wconf 90' lang='lat' dir='ltr'>illique</span> <span class='ocrx_word' id='word_1_255' title='bbox 1643 4388 1907 4494; x_wconf 82' lang='lat' dir='ltr'>perpotuam</span> <span class='ocrx_word' id='word_1_256' title='bbox 1926 4385 2003 4472; x_wconf 92' lang='lat' dir='ltr'>de-</span> 
     </span>
     <span class='ocr_line' id='line_1_37' title="bbox 1163 4497 2004 4599; baseline 0.002 -17"><span class='ocrx_word' id='word_1_257' title='bbox 1163 4502 1327 4584; x_wconf 82' lang='lat' dir='ltr'>vovere</span> <span class='ocrx_word' id='word_1_258' title='bbox 1346 4497 1640 4599; x_wconf 81' lang='lat' dir='ltr'>virginitatem</span> <span class='ocrx_word' id='word_1_259' title='bbox 1657 4499 1823 4583; x_wconf 72' lang='lat' dir='ltr'>stituit.</span> <span class='ocrx_word' id='word_1_260' title='bbox 1853 4499 2004 4585; x_wconf 88' lang='lat' dir='ltr'>lnvita</span> 
     </span>
     <span class='ocr_line' id='line_1_38' title="bbox 331 4560 2003 4781; baseline 0.003 -89"><span class='ocrx_word' id='word_1_261' title='bbox 331 4676 420 4756; x_wconf 60' lang='lat' dir='ltr'>Ant</span> <span class='ocrx_word' id='word_1_262' title='bbox 461 4560 832 4781; x_wconf 52' lang='grc' dir='ltr'>Οωέἓῦῗὲξζυῗ</span> <span class='ocrx_word' id='word_1_263' title='bbox 1164 4611 1494 4696; x_wconf 89' lang='lat' dir='ltr'>aConstantino</span> <span class='ocrx_word' id='word_1_264' title='bbox 1512 4611 1791 4716; x_wconf 68' lang='lat' dir='ltr'>imperatore,</span> <span class='ocrx_word' id='word_1_265' title='bbox 1809 4611 1907 4696; x_wconf 91' lang='lat' dir='ltr'>viro</span> <span class='ocrx_word' id='word_1_266' title='bbox 1925 4617 2003 4721; x_wconf 77' lang='lat' dir='ltr'>ap·</span> 
     </span>
    </p>
   </div>
   <div class='ocr_carea' id='block_1_15' title="bbox 276 4815 2002 5278">
    <p class='ocr_par' dir='ltr' id='par_1_20' title="bbox 276 4815 2002 5278">
     <span class='ocr_line' id='line_1_39' title="bbox 358 4815 2002 4940; baseline -0.002 -17"><span class='ocrx_word' id='word_1_267' title='bbox 358 4819 620 4923; x_wconf 85' lang='lat' dir='ltr'>Capitulum.</span> <span class='ocrx_word' id='word_1_268' title='bbox 848 4815 980 4895; x_wconf 67' lang='lat' dir='ltr'>Lllssae</span> <span class='ocrx_word' id='word_1_269' title='bbox 996 4815 1032 4892; x_wconf 80' lang='lat'>2·</span> <span class='ocrx_word' id='word_1_270' title='bbox 1163 4831 1318 4938; x_wconf 81' lang='lat' dir='ltr'>Aglaja</span> <span class='ocrx_word' id='word_1_271' title='bbox 1335 4837 1505 4918; x_wconf 88' lang='lat' dir='ltr'>nutrice</span> <span class='ocrx_word' id='word_1_272' title='bbox 1524 4857 1604 4918; x_wconf 88' lang='lat' dir='ltr'>sua</span> <span class='ocrx_word' id='word_1_273' title='bbox 1624 4833 1824 4935; x_wconf 88' lang='lat' dir='ltr'>consilio,</span> <span class='ocrx_word' id='word_1_274' title='bbox 1847 4837 2002 4940; x_wconf 86' lang='lat' dir='ltr'>profu·</span> 
     </span>
     <span class='ocr_line' id='line_1_40' title="bbox 359 4944 2002 5053; baseline -0.001 -19"><span class='ocrx_word' id='word_1_275' title='bbox 359 4959 378 5034; x_wconf 91' lang='lat' dir='ltr'>t</span> <span class='ocrx_word' id='word_1_276' title='bbox 410 4949 640 5034; x_wconf 81' lang='lat' dir='ltr'>descendit</span> <span class='ocrx_word' id='word_1_277' title='bbox 672 4974 773 5033; x_wconf 92' lang='lat' dir='ltr'>cum</span> <span class='ocrx_word' id='word_1_278' title='bbox 805 4949 887 5048; x_wconf 86' lang='lat' dir='ltr'>eis,</span> <span class='ocrx_word' id='word_1_279' title='bbox 920 4956 964 5032; x_wconf 91' lang='lat' dir='ltr'>et</span> <span class='ocrx_word' id='word_1_280' title='bbox 990 4945 1109 5031; x_wconf 88' lang='lat' dir='ltr'>venit</span> <span class='ocrx_word' id='word_1_281' title='bbox 1162 4950 1311 5052; x_wconf 89' lang='lat' dir='ltr'>sisque</span> <span class='ocrx_word' id='word_1_282' title='bbox 1330 4944 1389 5029; x_wconf 89' lang='lat' dir='ltr'>ad</span> <span class='ocrx_word' id='word_1_283' title='bbox 1406 4945 1552 5030; x_wconf 90' lang='lat' dir='ltr'>Deum</span> <span class='ocrx_word' id='word_1_284' title='bbox 1570 4946 1789 5053; x_wconf 81' lang='lat' dir='ltr'>precibus,</span> <span class='ocrx_word' id='word_1_285' title='bbox 1808 4944 1927 5030; x_wconf 83' lang='lat' dir='ltr'>clam</span> <span class='ocrx_word' id='word_1_286' title='bbox 1946 4973 2002 5034; x_wconf 85' lang='lat' dir='ltr'>ex</span> 
     </span>
     <span class='ocr_line' id='line_1_41' title="bbox 384 5056 2002 5164; baseline -0.001 -17"><span class='ocrx_word' id='word_1_287' title='bbox 384 5061 625 5164; x_wconf 64' lang='lat' dir='ltr'>Nazareth,</span> <span class='ocrx_word' id='word_1_288' title='bbox 649 5071 693 5146; x_wconf 88' lang='lat' dir='ltr'>et</span> <span class='ocrx_word' id='word_1_289' title='bbox 717 5068 812 5145; x_wconf 87' lang='lat' dir='ltr'>erat</span> <span class='ocrx_word' id='word_1_290' title='bbox 833 5057 1038 5143; x_wconf 81' lang='lat' dir='ltr'>subditus</span> <span class='ocrx_word' id='word_1_291' title='bbox 1060 5056 1108 5141; x_wconf 91' lang='lat' dir='ltr'>il·</span> <span class='ocrx_word' id='word_1_292' title='bbox 1161 5057 1272 5143; x_wconf 89' lang='lat' dir='ltr'>urbe</span> <span class='ocrx_word' id='word_1_293' title='bbox 1302 5057 1558 5163; x_wconf 79' lang='lat' dir='ltr'>nuptiarum</span> <span class='ocrx_word' id='word_1_294' title='bbox 1593 5057 1901 5144; x_wconf 66' lang='lat' dir='ltr'>celebritatem</span> <span class='ocrx_word' id='word_1_295' title='bbox 1937 5061 2002 5146; x_wconf 81' lang='lat' dir='ltr'>fri·</span> 
     </span>
     <span class='ocr_line' id='line_1_42' title="bbox 276 5168 2002 5278; baseline -0.001 -19"><span class='ocrx_word' id='word_1_296' title='bbox 276 5176 350 5275; x_wconf 92' lang='lat' dir='ltr'>lis,</span> <span class='ocrx_word' id='word_1_297' title='bbox 403 5184 448 5259; x_wconf 92' lang='lat' dir='ltr'>et</span> <span class='ocrx_word' id='word_1_298' title='bbox 491 5175 634 5259; x_wconf 87' lang='lat' dir='ltr'>Mater</span> <span class='ocrx_word' id='word_1_299' title='bbox 679 5175 770 5278; x_wconf 88' lang='lat' dir='ltr'>ejus</span> <span class='ocrx_word' id='word_1_300' title='bbox 814 5168 1110 5256; x_wconf 79' lang='lat' dir='ltr'>conservabat</span> <span class='ocrx_word' id='word_1_301' title='bbox 1162 5169 1302 5273; x_wconf 84' lang='lat' dir='ltr'>giens,</span> <span class='ocrx_word' id='word_1_302' title='bbox 1326 5171 1527 5272; x_wconf 59' lang='lat' dir='ltr'>secessio</span> <span class='ocrx_word' id='word_1_303' title='bbox 1549 5181 1595 5256; x_wconf 92' lang='lat' dir='ltr'>et</span> <span class='ocrx_word' id='word_1_304' title='bbox 1617 5196 1719 5256; x_wconf 91' lang='lat' dir='ltr'>cum</span> <span class='ocrx_word' id='word_1_305' title='bbox 1742 5171 1932 5275; x_wconf 81' lang='lat' dir='ltr'>ancillis,</span> <span class='ocrx_word' id='word_1_306' title='bbox 1958 5183 2002 5260; x_wconf 90' lang='lat' dir='ltr'>et</span> 
     </span>
    </p>
   </div>
   <div class='ocr_carea' id='block_1_16' title="bbox 1166 3527 1574 3616">
    <p class='ocr_par' dir='ltr' id='par_1_21' title="bbox 1166 3527 1574 3616">
     <span class='ocr_line' id='line_1_43' title="bbox 1166 3527 1574 3616; baseline 0.007 -21"><span class='ocrx_word' id='word_1_307' title='bbox 1166 3528 1213 3595; x_wconf 86' lang='lat' dir='ltr'>dc</span> <span class='ocrx_word' id='word_1_308' title='bbox 1240 3527 1445 3597; x_wconf 90' lang='lat' dir='ltr'>Communi</span> <span class='ocrx_word' id='word_1_309' title='bbox 1467 3527 1574 3616; x_wconf 80' lang='lat' dir='ltr'>Virg.</span> 
     </span>
    </p>
   </div>
   <div class='ocr_carea' id='block_1_17' title="bbox 1215 3431 2157 3542">
    <p class='ocr_par' dir='ltr' id='par_1_22' title="bbox 1215 3431 2157 3542">
     <span class='ocr_line' id='line_1_44' title="bbox 1215 3431 2157 3542; baseline 0.007 -43"><span class='ocrx_word' id='word_1_310' title='bbox 1215 3431 1258 3500; x_wconf 90' lang='lat' dir='ltr'>In</span> <span class='ocrx_word' id='word_1_311' title='bbox 1283 3431 1310 3500; x_wconf 90' lang='lat' dir='ltr'>I.</span> <span class='ocrx_word' id='word_1_312' title='bbox 1333 3431 1371 3500; x_wconf 93' lang='lat' dir='ltr'>N</span> <span class='ocrx_word' id='word_1_313' title='bbox 1374 3439 1534 3501; x_wconf 87' lang='lat' dir='ltr'>octurno</span> <span class='ocrx_word' id='word_1_314' title='bbox 1560 3433 1662 3504; x_wconf 88' lang='lat' dir='ltr'>Lect.</span> <span class='ocrx_word' id='word_1_315' title='bbox 1687 3433 1746 3505; x_wconf 90' lang='lat' dir='ltr'>De</span> <span class='ocrx_word' id='word_1_316' title='bbox 1769 3433 2002 3525; x_wconf 86' lang='lat' dir='ltr'>virginibus.</span> <span class='ocrx_word' id='word_1_317' title='bbox 2156 3483 2157 3542; x_wconf 66' lang='lat'>,</span> 
     </span>
    </p>
   </div>
   <div class='ocr_carea' id='block_1_18' title="bbox 1162 4713 2155 4829">
    <p class='ocr_par' dir='ltr' id='par_1_23' title="bbox 1162 4713 2155 4829">
     <span class='ocr_line' id='line_1_45' title="bbox 1162 4713 2155 4829; baseline 0.003 -23"><span class='ocrx_word' id='word_1_318' title='bbox 1162 4722 1304 4829; x_wconf 91' lang='lat' dir='ltr'>prime</span> <span class='ocrx_word' id='word_1_319' title='bbox 1317 4719 1456 4805; x_wconf 92' lang='lat' dir='ltr'>nobili</span> <span class='ocrx_word' id='word_1_320' title='bbox 1471 4720 1751 4827; x_wconf 78' lang='lat' dir='ltr'>desponsota,</span> <span class='ocrx_word' id='word_1_321' title='bbox 1769 4723 1880 4807; x_wconf 90' lang='lat' dir='ltr'>inito</span> <span class='ocrx_word' id='word_1_322' title='bbox 1897 4750 2003 4809; x_wconf 89' lang='lat' dir='ltr'>cum</span> <span class='ocrx_word' id='word_1_323' title='bbox 2154 4713 2155 4746; x_wconf 57' lang='lat'>¹</span> 
     </span>
    </p>
   </div>
   <div class='ocr_carea' id='block_1_19' title="bbox 276 5279 2154 5384">
    <p class='ocr_par' dir='ltr' id='par_1_24' title="bbox 276 5279 2154 5384">
     <span class='ocr_line' id='line_1_46' title="bbox 276 5279 2154 5384; baseline -0.004 -10"><span class='ocrx_word' id='word_1_324' title='bbox 276 5287 422 5374; x_wconf 90' lang='lat' dir='ltr'>omnia</span> <span class='ocrx_word' id='word_1_325' title='bbox 449 5286 586 5371; x_wconf 88' lang='lat' dir='ltr'>verba</span> <span class='ocrx_word' id='word_1_326' title='bbox 612 5285 710 5370; x_wconf 88' lang='lat' dir='ltr'>haec</span> <span class='ocrx_word' id='word_1_327' title='bbox 736 5286 782 5368; x_wconf 94' lang='lat' dir='ltr'>in</span> <span class='ocrx_word' id='word_1_328' title='bbox 808 5281 944 5368; x_wconf 92' lang='lat' dir='ltr'>corde</span> <span class='ocrx_word' id='word_1_329' title='bbox 971 5306 1065 5366; x_wconf 93' lang='lat' dir='ltr'>suo.</span> <span class='ocrx_word' id='word_1_330' title='bbox 1162 5279 1375 5365; x_wconf 79' lang='lat' dir='ltr'>eunuchis</span> <span class='ocrx_word' id='word_1_331' title='bbox 1406 5283 1553 5367; x_wconf 85' lang='lat' dir='ltr'>navim</span> <span class='ocrx_word' id='word_1_332' title='bbox 1584 5283 1864 5384; x_wconf 79' lang='lat' dir='ltr'>conscendit,</span> <span class='ocrx_word' id='word_1_333' title='bbox 1902 5310 2001 5370; x_wconf 89' lang='lat' dir='ltr'>san·</span> <span class='ocrx_word' id='word_1_334' title='bbox 2153 5307 2154 5332; x_wconf 50' lang='lat'>,</span> 
     </span>
    </p>
   </div>
   <div class='ocr_carea' id='block_1_20' title="bbox 275 5393 2125 5634">
    <p class='ocr_par' dir='ltr' id='par_1_25' title="bbox 275 5393 2125 5634">
     <span class='ocr_line' id='line_1_47' title="bbox 330 5393 2001 5505; baseline 0.003 -28"><span class='ocrx_word' id='word_1_335' title='bbox 330 5395 379 5500; x_wconf 67' lang='lat' dir='ltr'>lb.</span> <span class='ocrx_word' id='word_1_336' title='bbox 403 5393 466 5477; x_wconf 90' lang='lat' dir='ltr'>br.</span> <span class='ocrx_word' id='word_1_337' title='bbox 494 5395 649 5482; x_wconf 87' lang='lat' dir='ltr'>Omnis</span> <span class='ocrx_word' id='word_1_338' title='bbox 677 5396 857 5505; x_wconf 88' lang='lat' dir='ltr'>spiritus</span> <span class='ocrx_word' id='word_1_339' title='bbox 886 5395 909 5444; x_wconf 89' lang='lat'>*</span> <span class='ocrx_word' id='word_1_340' title='bbox 936 5393 1109 5477; x_wconf 90' lang='lat' dir='ltr'>Laudet</span> <span class='ocrx_word' id='word_1_341' title='bbox 1162 5396 1334 5476; x_wconf 89' lang='lat' dir='ltr'>ctorum</span> <span class='ocrx_word' id='word_1_342' title='bbox 1349 5393 1673 5500; x_wconf 85' lang='lat' dir='ltr'>Apostolorum</span> <span class='ocrx_word' id='word_1_343' title='bbox 1688 5395 1850 5497; x_wconf 85' lang='lat' dir='ltr'>limina,</span> <span class='ocrx_word' id='word_1_344' title='bbox 1870 5399 2001 5482; x_wconf 86' lang='lat' dir='ltr'>casti·</span> 
     </span>
     <span class='ocr_line' id='line_1_48' title="bbox 275 5494 2125 5634; baseline 0 -40"><span class='ocrx_word' id='word_1_345' title='bbox 275 5511 526 5596; x_wconf 91' lang='lat' dir='ltr'>Dominum.</span> <span class='ocrx_word' id='word_1_346' title='bbox 572 5509 736 5595; x_wconf 89' lang='lat' dir='ltr'>Omnis.</span> <span class='ocrx_word' id='word_1_347' title='bbox 799 5494 848 5596; x_wconf 73' lang='lat' dir='ltr'>ll.</span> <span class='ocrx_word' id='word_1_348' title='bbox 882 5509 936 5592; x_wconf 91' lang='lat' dir='ltr'>ln</span> <span class='ocrx_word' id='word_1_349' title='bbox 971 5501 1108 5592; x_wconf 90' lang='lat' dir='ltr'>corde</span> <span class='ocrx_word' id='word_1_350' title='bbox 1160 5504 1321 5590; x_wconf 87' lang='lat' dir='ltr'>moniae</span> <span class='ocrx_word' id='word_1_351' title='bbox 1360 5530 1453 5589; x_wconf 88' lang='lat' dir='ltr'>suae</span> <span class='ocrx_word' id='word_1_352' title='bbox 1496 5507 1765 5612; x_wconf 79' lang='lat' dir='ltr'>perfugium,</span> <span class='ocrx_word' id='word_1_353' title='bbox 1809 5505 2001 5594; x_wconf 79' lang='lat' dir='ltr'>adinira</span> <span class='ocrx_word' id='word_1_354' title='bbox 2115 5617 2125 5634; x_wconf 35' lang='lat'><strong>·</strong></span> 
     </span>
    </p>
   </div>
   <div class='ocr_carea' id='block_1_21' title="bbox 0 0 2178 6176">
    <p class='ocr_par' dir='ltr' id='par_1_26' title="bbox 0 0 2178 6176">
     <span class='ocr_line' id='line_1_49' title="bbox 0 0 2178 6176; baseline 0 1"><span class='ocrx_word' id='word_1_355' title='bbox 0 0 2178 6176; x_wconf 95' lang='lat' dir='ltr'> </span> 
     </span>
    </p>
   </div>
  </div>
 </body>
</html>
