4378 6202
815 497 930 566 Festa
953 497 1165 570 Februarii.
1191 501 1267 580 (iol

237 695 279 763 ln
314 695 339 763 Ι,
372 695 572 764 Nocturno
604 695 808 767 Lectiones
840 699 878 766 in
914 699 1012 778 Ona-
1063 693 1132 796 tis,
1158 693 1233 799 qui
1250 691 1503 778 daemonm
1519 695 1755 800 praestigiis
1775 695 1896 782 addi·

186 793 333 900 (litiges.
357 791 528 864 Fratres:
551 789 768 864 Debitores.
796 795 842 862 de
867 795 1010 865 Comm.
1065 808 1125 892 θῇ
1150 815 1291 910 erant,
1317 830 1394 892 005
1420 805 1579 893 acriter
1601 808 1896 915 reprehendit·

183 889 333 974 plurim.
359 887 466 956 Mart.
1064 919 1136 1005 Ab
1162 919 1232 1003 his
1258 930 1405 1007 autem
1435 930 1662 1027 tamquam
1694 923 1895 1030 explora·

415 1021 464 1100 In
483 1019 533 1098 II·
553 1020 587 1098 N
590 1019 777 1102 ocimo·
1063 1043 1137 1119 tor
1162 1032 1354 1135 habitus,
1381 1033 1426 1117 in
1449 1035 1738 1121 arctissimam
1761 1037 1893 1122 trehi-

484 1139 634 1222 Lectio
654 1141 708 1224 iv.
975 1240 984 1258 ο
1063 1155 1136 1231 tur
1166 1144 1432 1249 custodiam,
1468 1147 1587 1232 omni
1623 1173 1737 1256 pene
1774 1150 1895 1236 victu

195 1274 214 1315 1
299 1278 314 1335 ί
335 1241 604 1328 nastesius
639 1241 795 1342 Persa,
829 1240 1011 1344 infligfflfl
1062 1284 1143 1366 per
1169 1257 1364 1344 triduum
1389 1258 1637 1345 interdicto.
1741 1347 1745 1354 .

177 1247 678 1532 'praestigiatoris
691 1353 1011 1454 filius‚ineunte
1115 1371 1167 1474 lo,
1191 1371 1473 1458 Desiderium
1494 1373 1662 1459 animae,

284 1488 288 1489 *
344 1473 478 1555 aetate
513 1467 695 1574 magicis
726 1466 894 1554 ertibus
927 1466 1010 1553 sub
1366 1475 1518 1558 Lectio
1539 1478 1591 1558 vi.

177 1581 329 1689 iniquo
346 1585 532 1689 parente
551 1585 734 1689 operam
753 1578 887 1667 dedit.
922 1576 1012 1665 Sed
1154 1589 1283 1675 einde
1307 1588 1364 1675 ad
1381 1590 1697 1677 Marnabanum
1721 1601 1893 1704 nequis-

177 1693 533 1782 animadvertens
559 1694 778 1802 prodigia,
811 1719 911 1800 quae
943 1718 1008 1778 sa·
1181 1702 1339 1789 simum
1365 1704 1601 1790 Perserum
1633 1706 1792 1795 ducem
1819 1708 1893 1795 ad-

177 1813 414 1894 crosancta
446 1806 607 1893 Christi
638 1807 757 1892 Crux
787 1806 833 1890 in
867 1805 1008 1890 Persi·
1063 1813 1239 1918 ductus,
1267 1815 1323 1900 ab
1352 1820 1495 1925 eoque
1517 1819 1684 1926 pluries
1710 1827 1894 1908 accersi-

177 1919 280 2006 dem
306 1946 332 2005 a
357 1920 557 2007 Chosroa
580 1946 685 2025 rege
708 1923 1011 2026 transporteta
1062 1939 1145 2030 tus,
1163 1938 1208 2014 et
1223 1928 1490 2035 obiurgatus,
1511 1930 1570 2018 ad
1588 1959 1696 2019 saxa
1714 1935 1895 2022 ferenda

177 2034 463 2141 operabatur,
488 2032 659 2140 abjecto
678 2033 845 2119 militiae
863 2037 1009 2136 cingu-
1064 2041 1309 2128 damnetur:
1342 2068 1429 2150 quo
1457 2044 1501 2127 in
1528 2045 1682 2132 labore
1708 2049 1893 2135 incredi-

176 2147 237 2250 lo‚
260 2157 308 2236 et
332 2146 563 2234 diabolicis
585 2147 823 2255 praestigiis
843 2145 1009 2250 abjure-
1062 2154 1151 2241 bile
1178 2165 1261 2258 est,
1294 2167 1458 2264 quanta
1484 2183 1511 2242 a
1537 2159 1645 2262 suis,
1676 2173 1840 2267 quanta
1867 2188 1895 2248 a

177 2261 247 2364 tis,
272 2286 481 2347 unacum
503 2260 625 2347 socio
652 2285 783 2368 quem
800 2260 934 2346 etiam
952 2255 1011 2346 ad
1062 2268 1273 2355 Barbaris
1300 2271 1620 2378 patientissime
1650 2275 1894 2382 pertulerit

176 2375 376 2482 martyrii
406 2378 616 2462 coronam
645 2374 872 2483 perduxit,
907 2373 1009 2458 Hie·
1063 2383 1317 2469 Revocetus
1342 2384 1488 2471 denuo
1507 2384 1564 2472 ad
1582 2387 1791 2491 tribunal,
1815 2390 1891 2474 mi·

175 2487 414 2594 rosolymis
450 2513 577 2574 sacro
619 2489 742 2575 fonte
785 2488 1009 2589 lustratus,
1061 2499 1231 2602 nosque
1250 2501 1545 2600 contemnens,
1567 2497 1784 2586 dirissime
1807 2502 1892 2587 cla·

175 2601 444 2687 monachum
470 2601 627 2703 induit,
653 2601 867 2709 brevique
895 2597 1008 2688 adeo
1061 2635 1129 2693 vae
1165 2610 1326 2695 ictibus
1362 2613 1657 2698 contunditur.
1714 2616 1812 2718 Quo
1848 2615 1893 2714 in

175 2715 219 2800 in
249 2715 474 2820 religiosae
504 2716 607 2801 vitae
635 2714 783 2802 studio
809 2714 1009 2824 profecit,
1061 2722 1292 2838 supplicio,
1313 2735 1357 2810 et
1371 2726 1513 2811 teneri
1530 2753 1556 2811 a
1573 2726 1803 2813 lictoribus
1817 2733 1892 2814 no·

176 2839 223 2915 ut
254 2828 461 2915 omnibus
490 2840 610 2916 esset
638 2828 933 2930 admirationi,
966 2838 1010 2914 et
1059 2834 1151 2937 luit,
1170 2845 1215 2921 et
1232 2837 1389 2922 nudari
1402 2837 1558 2925 habitu
1575 2841 1713 2946 petiit,
1732 2842 1892 2946 aegrius

176 2942 394 3050 exemplo.
421 2942 509 3029 Ubi
526 2941 782 3030 incredibile
801 2952 879 3043 est,
901 2950 1009 3049 quot
1060 2949 1206 3035 ferens
1232 2950 1409 3036 hibitus
1435 2955 1669 3040 monastici
1694 2954 1891 3040 laniatio-

177 3055 429 3142 daemonum
462 3060 734 3142 tentamenta
768 3055 1009 3165 pertolerit,
1060 3087 1171 3166 nem,
1197 3089 1328 3170 quam
1350 3064 1503 3151 nudoti
1521 3067 1722 3176 corporis
1741 3066 1892 3156 discis·

176 3182 219 3257 et
244 3170 602 3257 constantissime
628 3170 915 3278 supereverit.
1061 3176 1241 3262 sionem.
1263 3176 1493 3266 Reductus
1507 3181 1553 3264 in
1566 3185 1802 3286 carcerem,
1818 3209 1890 3268 an·

222 3287 274 3390 lt.
305 3283 689 3370 Honestumfecit.
1060 3288 1212 3394 gelicis
1230 3291 1471 3379 visionibus
1494 3294 1785 3399 confortatus,
1808 3297 1891 3380 vir-

484 3412 636 3496 Leetio
656 3443 693 3495 v,
1060 3403 1129 3508 gis
1161 3405 1372 3492 acerrime
1405 3431 1566 3509 caesus,
1601 3407 1810 3516 tibiisque
1843 3411 1891 3494 li·

175 3509 398 3724 Divinae
422 3519 618 3604 caritetis
641 3520 743 3625 igne
760 3523 1009 3623 succensus,
1059 3517 1184 3622 gneis
1210 3518 1509 3606 instrumentis
1538 3520 1761 3609 horrendo
1795 3548 1891 3608 cru·

289 3629 400 3716 nihil
431 3631 551 3719 eliud
584 3633 778 3719 habebat
806 3635 852 3719 in
880 3633 1009 3737 votis,
1061 3632 1180 3718 cietu
1216 3638 1515 3740 compressus,
1548 3633 1719 3720 iteratis
1753 3636 1891 3722 clavae

178 3767 312 3849 quam
328 3770 413 3852 pro
433 3746 597 3833 Christi
613 3744 704 3832 fide
723 3748 913 3832 animam
930 3751 1008 3854 po·
1059 3745 1222 3831 ictibus
1235 3753 1470 3854 appetitus,
1488 3774 1620 3832 manu
1639 3753 1891 3856 suspensus,

177 3883 297 3960 nere,
324 3864 620 3968 mortemque,
648 3885 780 3966 quam
806 3859 1009 3946 Salvator
1059 3858 1286 3966 ligatoque
1334 3859 1393 3947 ad
1436 3861 1597 3968 pedem
1643 3863 1892 3968 peringenti

178 3984 329 4057 noster
346 3973 552 4078 dignatus
570 3983 639 4062 est
655 3998 738 4081 pro
756 3973 887 4059 nobis
904 3974 1008 4083 pati,
1060 3996 1189 4076 saxo;
1225 3972 1405 4059 tandem
1424 3979 1715 4088 septuaginta
1747 3979 1890 4083 sociis,

179 4083 366 4192 reddere
411 4087 639 4175 Salvatori.
697 4087 873 4177 Ardens
922 4088 1009 4175 hoc
1061 4110 1175 4192 quos
1209 4085 1348 4173 verbo
1385 4097 1429 4173 et
1465 4088 1670 4196 exemplo
1703 4090 1748 4173 in
1778 4091 1890 4178 Fide

179 4201 375 4308 martyrii
417 4200 684 4288 desiderium
717 4202 900 4288 mirifice
939 4228 1006 4287 ac·
1059 4197 1330 4303 firmaverat,
1358 4200 1405 4285 in
1429 4206 1683 4310 propinquo
1711 4203 1890 4290 flumine

180 4313 326 4401 cendit
343 4316 454 4400 visio
469 4316 554 4418 illa,
573 4341 660 4422 qua
673 4327 804 4402 nocte
817 4314 1008 4423 quadam
1058 4312 1330 4418 praefocatis,
1366 4315 1511 4401 securi
1540 4322 1796 4422 percossus,
1832 4315 1890 4402 ad

181 4433 337 4514 arireus
355 4435 628 4536 gemmisque
652 4429 915 4517 intertextus
939 4455 1007 4515 ca·
1060 4428 1382 4531 optatissimam
1394 4427 1792 4536 martyriipalmam
1805 4428 1890 4532 glo

180 4539 248 4642 lix,
273 4543 349 4649 qui
366 4544 524 4650 procul
543 4542 677 4630 dubio
694 4545 919 4630 Passionis
938 4549 1007 4631 ce·
1059 4540 1177 4625 riose
1190 4544 1402 4650 pervenit.
1422 4544 1604 4629 Sacrum
1619 4546 1711 4649 ejus
1726 4568 1888 4651 corpus

181 4651 304 4740 licem
340 4655 619 4762 designabat,
665 4659 925 4745 suavissimo
960 4659 1007 4742 li·
1057 4653 1329 4742 inhumatum
1347 4659 1605 4765 projectum,
1629 4681 1711 4742 nec
1729 4683 1756 4742 a
1773 4659 1887 4742 ceni·
1930 4700 1936 4721 =

184 4772 317 4874 quore
339 4769 496 4877 plenus
515 4771 666 4857 offerri
684 4771 767 4857 sibi
785 4773 906 4857 visus
925 4782 1006 4857 est:
1058 4770 1141 4857 bus
1163 4795 1293 4858 neca
1318 4772 1421 4856 feris
1444 4771 1600 4856 laesum
1618 4772 1713 4872 fuit;
1739 4768 1819 4855 sed
1844 4781 1889 4857 et

184 4905 267 4988 quo
284 4889 572 4989 praegustato,
590 4885 700 4970 mira
715 4882 948 4970 dulcedine
964 4895 1007 4970 et
1057 4885 1375 4972 lucidissimum
1399 4883 1521 4970 sidus
1543 4909 1678 4991 super
1700 4883 1810 4970 illud
1828 4885 1887 4970 ef-

182 4991 432 5083 lortitddine
451 5023 501 5082 se
518 4997 757 5105 preditum
774 4999 923 5084 sensit
953 4998 1007 5085 Id
1057 4999 1189 5084 fulsit.
1216 4996 1348 5102 Quod
1361 4997 1716 5104 Hierosolymam
1732 4999 1887 5104 primo,

182 5131 282 5194 vero
298 5109 614 5197 Cenobierchae
628 5111 835 5211 referens,
855 5121 900 5197 et
916 5138 1006 5198 mo·
1059 5110 1219 5200 deinde
1241 5110 1431 5197 Romam
1455 5111 1511 5195 ad
1536 5112 1688 5217 Aquas
1706 5112 1886 5214 Solvias,

182 5221 418 5310 nachorum
456 5225 663 5332 precibus
698 5251 747 5310 se
788 5229 1006 5311 commen·
1056 5229 1284 5335 postremo
1328 5223 1385 5308 ad
1421 5224 1581 5309 Sancta
1625 5225 1887 5310 Sanctorum

183 5329 296 5436 dans,
312 5344 628 5445 progressurus
646 5340 691 5422 in
704 5342 894 5441 arenam,
913 5339 1005 5424 Cae·
1059 5339 1269 5442 deletum,
1293 5336 1458 5423 ibidem
1480 5336 1724 5422 honorifice
1747 5363 1884 5424 aeser-

183 5450 345 5534 snream
365 5449 615 5536 Palaestinae
639 5449 877 5538 contendit
922 5451 1007 5538 Ubi
1056 5458 1195 5541 vatin.

184 5563 397 5649 nonnullis
416 5589 440 5650 e
458 5565 692 5650 Perserum
710 5574 841 5672 gente
858 5569 1004 5675 reper·
1108 5571 1157 5674 Rp
1184 5566 1309 5653 Stola
1326 5565 1618 5675 jucunditatis.
1926 5694 1932 5744 Ι
2074 5505 2169 6132 A}

1873 6079 1886 6131 l
