4290 6188
917 497 1033 568 Festa
1057 497 1270 569 Februarii.
1293 499 1336 585 (3.
1359 501 1403 584 o.)

303 703 533 805 convertit,
550 705 712 809 elsque,
730 725 785 786 ne
800 698 1009 804 egestatis
1022 721 1133 805 prae·
1183 695 1243 782 mi
1261 699 1543 784 contentione
1561 724 1587 784 a
1603 724 1707 806 rege
1721 701 1805 786 sibi
1820 702 1998 792 deletum

302 817 426 902 textu
455 819 614 902 iterum
642 807 999 922 prolaberentur,
1029 810 1133 896 vitae
1183 811 1347 916 reiecit,
1371 812 1553 918 eitrsque
1572 813 1829 900 confesserii
1846 843 1999 920 munus,

302 927 499 1015 subsidia
525 926 811 1036 comparevit.
860 925 1064 1031 Denique
1088 923 1134 1007 in
1185 923 1308 1030 quod
1338 925 1501 1012 invitus
1533 930 1810 1035 susceperat,
1840 929 1998 1017 abdice-

300 1049 523 1152 pattperes
548 1053 593 1129 et
617 1065 747 1128 omne
772 1039 1036 1124 miserenum
1061 1062 1133 1142 ge·
1183 1038 1263 1123 vit:
1296 1038 1613 1146 quaerebetque
1637 1038 1784 1128 modis
1810 1044 2000 1131 omnibus

301 1182 384 1242 nus
402 1157 464 1242 ita
489 1156 572 1241 luit
587 1154 768 1256 efftrsus,
792 1162 843 1238 ut
866 1175 1009 1260 prope
1032 1175 1133 1258 por·
1184 1151 1307 1236 nihili
1331 1177 1379 1237 se
1403 1178 1430 1239 a
1452 1160 1734 1261 quoctrmque
1758 1154 1870 1259 fieri,
1894 1181 2000 1266 saepe

301 1271 412 1356 tenti
433 1270 536 1357 loco
563 1268 780 1355 habetitur
806 1275 976 1352 tantam
1002 1271 1133 1372 peco·
1184 1264 1440 1352 tarditatem
1473 1266 1635 1372 ingenii
1670 1267 1928 1374 praeferens,
1964 1283 2002 1358 et

302 1383 387 1470 niae
406 1385 496 1470 vim
516 1387 715 1492 potuisse
734 1379 974 1486 corrogeri,
1000 1402 1134 1485 quan·
1184 1379 1359 1484 generis
1402 1378 1695 1466 humilitatem
1737 1381 1839 1489 plus
1882 1384 2002 1470 nimio

300 1507 393 1583 tam
418 1497 516 1604 ipse
541 1522 656 1581 unus
682 1496 727 1579 in
754 1494 807 1579 iis
836 1488 1134 1580 sustentandis
1185 1493 1408 1598 augendo,
1451 1503 1528 1580 aut
1562 1519 1706 1603 prope
1742 1496 2003 1584 inculcendo.

303 1609 551 1720 collocevit.
605 1612 714 1714 Quae
743 1631 850 1693 sane
875 1603 1135 1691 admirenda
1184 1607 1375 1694 Domum
1399 1608 1523 1693 senio
1546 1633 1599 1694 ac
1621 1606 1849 1696 laboribus
1867 1608 2003 1696 debili·

302 1723 385 1810 viri
403 1725 566 1811 ceritas
584 1749 673 1810 non
691 1724 909 1826 Augustae
922 1718 1134 1804 Taurino·
1185 1723 1322 1825 tetus,
1346 1731 1391 1807 et
1407 1721 1621 1808 Ecclesiae
1647 1722 1931 1808 sacramentis
1947 1748 2003 1809 re·

301 1861 400 1922 rum
430 1847 557 1945 septa
586 1833 797 1946 limitibus
828 1859 877 1920 se
911 1831 1135 1934 continuit,
1184 1834 1344 1936 lectus,
1366 1843 1569 1936 mortem,
1590 1859 1722 1941 quam
1741 1844 1845 1923 ante
1858 1834 2004 1944 praedi·

303 1949 383 2036 sed
406 1950 464 2037 ad
488 1949 682 2055 singulas
705 1947 863 2033 Galliae
887 1945 1135 2055 Cisalpr'nae,
1184 1959 1326 2052 xerat,
1350 1950 1565 2054 Augustae
1588 1949 1885 2034 Taurinorum
1908 1947 2006 2036 obiit

302 2074 348 2151 et
373 2062 608 2150 Sabaodiae
638 2061 890 2172 provincias
921 2060 1135 2169 pervesit3
1185 2062 1318 2148 tertio
1354 2060 1581 2150 Kalendas
1616 2060 1866 2166 Februarii,
1901 2087 2005 2148 anno

303 2202 392 2284 quo
423 2177 707 2278 factumest,
741 2185 792 2262 ut
828 2173 1032 2262 omnibus
1066 2173 1135 2258 his
1184 2175 1418 2261 millesimo
1429 2175 1820 2284 septingentesimo
1834 2173 2007 2276 decimo,

302 2290 413 2377 locis
449 2289 693 2376 commonis
728 2289 925 2398 parentis
959 2286 1134 2372 nomine
1186 2288 1331 2376 aetetis
1356 2313 1449 2375 suae
1476 2315 1637 2376 annum
1664 2313 1799 2394 agens
1827 2287 2007 2397 primum

305 2402 617 2514 appellaretur.
1185 2428 1320 2510 supra
1338 2403 1672 2508 octogesimum:
1698 2427 1831 2509 quem
1852 2402 2006 2506 Grego-

355 2515 408 2621 Rz.
432 2515 611 2604 Amevit
629 2541 740 2604 eum.
1185 2516 1276 2600 rius
1300 2516 1498 2603 decimus
1523 2525 1676 2603 sextus
1699 2514 1907 2601 Pontifex
1929 2517 2008 2598 me·
2127 2571 2128 2574 κ

605 2627 758 2712 Lectio
777 2625 830 2708 vi.
1185 2630 1339 2734 ximus,
1357 2629 1595 2717 virttltibus
1613 2640 1659 2717 et
1675 2628 1900 2714 mireculis
1916 2652 2008 2713 con·

303 2730 379 2942 In
409 2744 494 2830 hac
524 2754 615 2832 tarn
646 2743 768 2828 veria
800 2751 933 2847 atque
968 2740 1136 2826 intenta
1186 2747 1399 2851 spicuum,
1418 2744 1606 2830 solemni
1619 2744 1706 2828 ritu
1722 2743 1768 2826 in
1785 2741 2009 2829 beatorum

383 2857 643 2965 apostolicae
678 2856 782 2943 vitae
826 2851 1133 2955 sollicitodine,
1184 2862 1416 2943 nemetum
1433 2856 1679 2965 adscripsit.
1756 2903 1759 2908 ·

304 2969 499 3057 studium
532 2968 688 3104 orendi
720 2965 1134 3101 contemplandique
1240 2981 1292 3084 ll.
1315 2980 1407 3065 Iste
1425 2978 1573 3066 homo.

304 3109 544 3218 numquam
561 3088 808 3217 mtermlsrt:
825 3092 886 3168 11³
904 3090 954 3166 ut
967 3078 1133 3213 ledes&
1241 3126 1285 3194 rn
1309 3125 1589 3196 trrrocmrno
1612 3125 1783 3196 Homilia
1808 3127 1850 3196 tn
1873 3127 2008 3212 avant

303 3207 395 3302 tur,
429 3206 563 3284 tantis
598 3195 823 3283 labonbus
859 3194 1134 3298 defensetur,
1187 3221 1273 3294 snt
1298 3224 1422 3298 rumbr
1438 3226 1571 3298 veser.
1602 3231 1643 3293 a
1672 3223 1712 3292 n
1737 3223 1885 3294 comm.
1909 3221 2008 3294 conr.

303 3308 546 3398 identidem
568 3311 612 3395 in
634 3309 719 3397 Dei
741 3306 1065 3408 recordatione,
1089 3317 1135 3393 et
1186 3339 1265 3389 non
1285 3319 1394 3390 Pont.
1422 3319 1449 3390 1.
1475 3321 1574 3391 1000.

305 3423 432 3530 quasi
456 3423 662 3531 amplexu
689 3423 983 3533 acquiescere.
1031 3421 1134 3507 San·
1186 3437 1202 3446 “
1448 3495 1458 3514 ,
1760 3496 1785 3514 ..

304 3535 544 3622 ctissimam
585 3535 827 3623 Salvatoris
871 3535 1012 3620 nostri
1044 3535 1134 3618 Ma·
1401 3495 1486 3581 Dle
1504 3497 1542 3580 3·
1561 3494 1799 3582 Februaffl·

301 3659 416 3734 trem
431 3650 666 3736 tenerrimo
683 3649 846 3734 amoris
860 3672 992 3732 sensu
1007 3671 1134 3734 vene·
1272 3633 1317 3718 S.
1334 3631 1493 3720 Blasii
1509 3625 1721 3732 Episcopi
1740 3633 1784 3710 ct
1802 3625 1930 3709 Mart.

303 3760 497 3866 nabetur,
513 3768 700 3871 comque
718 3759 1133 3849 uteliiveneraren·
1444 3753 1601 3842 Duplex
1620 3754 1755 3841 majus.

302 3883 374 3959 tur
402 3877 600 3964 studiose
633 3876 825 3963 curobat.
876 3874 1135 3960 castitatem
1240 3875 1378 3946 Omnia
1405 3883 1448 3945 ut
1471 3874 1570 3946 inter
1597 3877 1697 3946 testa
1719 3895 1791 3964 pro
1820 3875 2009 3963 aliquibus

303 3988 348 4073 in
376 3990 495 4075 omni
518 3991 608 4076 vita
633 3989 830 4099 praemfit
857 3987 1134 4093 singularem,
1185 3970 1444 4085 lociseadem
1468 3974 1541 4060 die,
1573 3973 1704 4044 sedin
1727 3973 1754 4044 I.
1778 3971 2008 4042 Noct.·Lcct.

305 4125 438 4207 quam
456 4101 728 4206 abstinentia,
747 4115 792 4190 et
811 4103 1010 4209 corporis
1028 4101 1136 4186 allii·
1185 4067 1222 4138 A
1246 4069 1391 4142 Mileto.
1413 4069 1459 4138 de
1481 4069 1627 4140 Comm.

304 4214 570 4301 ctationibus
584 4220 738 4303 severe
750 4213 1041 4302 custodiebat.
1058 4215 1134 4300 Su·
1186 4267 1230 4339 Si

1312 3441 1326 3446 —
1347 3441 1525 3448 -u----—.—.
1536 3441 1635 3450 -ss
1873 3441 1980 3448 —--..—
1992 3439 2007 3446 .-·

303 4330 453 4435 pernis
483 4353 661 4437 quoque
689 4328 818 4415 donis
844 4354 870 4414 a
898 4328 998 4414 Deo
1025 4327 1134 4414 dite·
1186 4365 1331 4436 comm.
1355 4365 1385 4436 2.
1409 4367 1507 4439 loeo.

303 4450 393 4546 tus,
418 4440 572 4546 multa,
596 4443 758 4552 partim
779 4439 930 4529 ebdita
952 4443 1135 4551 aperuit,
1448 4535 1457 4556 ‚
1761 4537 1786 4558 ..

302 4557 464 4664 partim
488 4555 620 4660 longe
647 4582 675 4642 a
696 4559 941 4664 conspectu
964 4560 1137 4642 remota
1401 4537 1487 4624 1³10
1506 4540 1545 4624 6·
1562 4538 1800 4626 Februarll·

303 4669 586 4774 monstravit,
631 4671 793 4779 partim
828 4670 961 4755 etiam
995 4669 1134 4755 multo
1279 4672 1366 4759 (Pro
1392 4671 1516 4744 Dioec.
1542 4671 1923 4759 Calatanisiadensi.)

303 4793 407 4889 post
428 4781 574 4888 lutura
594 4782 813 4893 praedlxit.
852 4780 975 4867 Talis
1001 4807 1136 4888 quum
1185 4786 1239 4870 B.
1258 4783 1489 4874 matthas
1503 4788 1648 4894 Episc.
1662 4787 1812 4893 Agrig.
1833 4797 1879 4870 et
1895 4783 2008 4870 Conl.

304 4903 439 4995 esset,
462 4899 524 4982 ita
544 4895 600 4982 de
619 4923 668 4984 se
686 4896 878 4984 demisse
896 4895 1134 4981 humiliter·
1514 4911 1681 5000 Duplex.

304 5033 390 5115 que
422 5010 661 5114 sentiebat,
691 5021 741 5098 ut
768 5037 823 5097 ex
849 5009 976 5094 firma
1003 5009 1136 5094 enimi
1232 5021 1369 5092 Omnia
1403 5025 1450 5094 de
1484 5025 1688 5096 Communi
1721 5023 1830 5096 Conf.
1863 5017 2008 5093 Pontis..

303 5124 591 5231 persuasione
608 5124 870 5212 crederctse
883 5122 1136 5210 mortelium
1182 5127 1324 5206 praeter
1348 5124 1561 5211 sequentia.

305 5237 502 5322 omnium
521 5239 717 5325 infimum
739 5239 784 5322 in
808 5237 1001 5324 Oratorii
1023 5236 1134 5323 Con·
1521 5245 1684 5330 Oratio.

303 5351 559 5455 gregatione
583 5353 762 5438 retineri
784 5351 971 5437 aliorum
994 5348 1134 5436 indul·
1276 5351 1579 5453 aquaesumus,
1593 5356 1874 5461 omnipotens
1884 5352 2009 5452 Deus

304 5465 461 5568 gentia,
479 5474 524 5550 et
542 5467 737 5552 carittte.
767 5463 1134 5572 Archiepiscopt·
1305 5461 1621 5552 interveniente
1644 5465 1779 5554 betto
1802 5465 2010 5552 Matthaeo

304 5585 398 5663 tum
415 5602 524 5663 vero
537 5577 853 5665 Taurinensem
870 5602 1028 5681 magna
1046 5575 1134 5661 eni·
1186 5574 1451 5662 confessore
1482 5587 1580 5682 tuo,
1616 5589 1750 5688 atque
1780 5578 2009 5680 Pontifice3

1237 4171 1282 4242 In
1305 4172 1370 4244 111.
1386 4173 1588 4246 Nocturno
1612 4175 1785 4248 Homilia
1809 4175 1851 4244 in
1873 4175 2009 4258 Euang.
2126 4165 2127 4190 ¹

1263 4269 1352 4360 quis
1385 4269 1470 4342 vult
1501 4277 1595 4360 post
1628 4289 1689 4342 me
1721 4271 1867 4342 ventre.
1904 4277 1945 4340 ut
1977 4269 2009 4336 ln
2126 4313 2127 4354 ,
