4322 6182
284 496 329 570 2*
566 529 568 538 ’
890 514 1005 584 Festa
1029 508 1273 582 Novembris.
1296 507 1376 593 (28.)

284 687 500 775 sessiones
520 686 778 795 excipiebat,
802 683 946 770 cilicio
965 685 1111 792 aspar·
1163 691 1263 784 tem,
1282 679 1455 787 penitus
1474 679 1694 766 exstinxit
1724 678 1991 767 Ferrariansi

284 801 396 888 rimo
432 800 729 888 commutavit.
781 799 927 888 Semel
960 799 1005 883 in
1042 794 1113 884 die
1165 793 1378 898 Concilio,
1404 791 1525 900 quod
1547 797 1707 900 postea
1722 791 1992 880 Florentiam

281 939 399 1023 pane
425 925 472 1003 et
497 940 613 1025 aqua
638 914 919 1013 vescebatur,
951 909 1113 997 additis
1163 907 1421 994 translatum
1461 905 1562 1006 fuit,
1607 904 1812 993 interfuit
1862 906 1992 1014 Sigis-

282 1053 385 1114 raro
409 1025 557 1115 crudis
578 1027 706 1128 fabis,
731 1025 969 1132 herbisque
988 1023 1112 1109 silva·
1163 1018 1394 1122 mundum,
1427 1029 1472 1106 et
1497 1017 1731 1104 Albartum
1757 1020 1992 1128 imperato·

283 1139 448 1228 stribus
470 1141 644 1229 obsonii
661 1139 774 1226 loco.
814 1140 957 1243 Quam
974 1136 1113 1222 duris·
1164 1133 1310 1221 resin
1340 1133 1542 1218 maximis
1572 1133 1696 1238 regni
1727 1130 1992 1220 difficultati·

283 1254 440 1338 simam
483 1253 661 1342 vivendi
704 1253 920 1337 rationem
963 1249 1113 1350 tenuit,
1164 1248 1266 1351 bus,
1306 1247 1557 1355 praesertim
1591 1247 1780 1332 veroin
1816 1243 1993 1356 expedi·

283 1368 426 1454 donec
448 1370 581 1454 aetate
603 1369 879 1477 provectum,
903 1374 949 1451 et
970 1363 1028 1450 ob
1049 1389 1114 1448 as·
1165 1362 1285 1449 tione
1312 1361 1358 1445 in
1388 1360 1558 1445 Turcas
1590 1358 1914 1467 promovenda,
1949 1367 1996 1446 et

283 1479 436 1568 siduos
453 1479 632 1567 labores
650 1480 768 1564 mala
780 1477 986 1564 affectum
999 1476 1114 1562 vale·
1163 1474 1384 1560 haeraticis
1411 1471 1706 1576 debellandis,
1736 1472 1922 1560 consilio
1950 1482 1996 1559 et

283 1593 449 1698 tudine,
473 1603 522 1682 ut
539 1594 688 1680 mitius
706 1588 945 1698 aliquando
964 1615 1114 1675 secum
1165 1593 1303 1696 opera
1338 1587 1513 1692 adjuvit
1569 1586 1731 1674 Sancto
1766 1587 1926 1672 loanni
1969 1612 1996 1671 a

284 1711 448 1813 ageret,
471 1707 611 1794 sancti
628 1703 891 1792 Bemardini
908 1703 1113 1790 Senansis
1167 1703 1428 1811 Capistrano
1452 1700 1566 1788 sacri
1587 1700 1765 1786 socialis
1790 1699 1896 1788 belli
1922 1697 1995 1786 ad·

284 1818 725 1928 auctoritas-impulit.
1164 1820 1319 1904 versus
1342 1814 1529 1915 Truces,
1551 1813 1792 1923 pontificiae
1814 1813 1996 1920 legatio-

342 1936 393 2040 ll.
413 1933 662 2022 Honestum
678 1932 793 2020 fecit.
1164 1930 1232 2016 nis
1254 1927 1504 2014 consiliario
1525 1926 1571 2011 in
1592 1926 1821 2032 Hungaria
1845 1925 1996 2016 defim-

597 2046 749 2130 Lectio
770 2075 808 2128 v.
1165 2039 1591 2148 cto,suffectusfirit.

290 2151 542 2368 Sacerdos
576 2161 741 2261 factus,
784 2157 922 2244 etad
956 2180 1115 2240 munus
1223 2149 1274 2255 ll.
1295 2153 1475 2240 Amavit
1493 2178 1604 2239 eum

375 2272 668 2362 concionandi
695 2270 909 2372 delectus,
941 2269 1043 2356 vivo
1071 2278 1115 2358 et
1473 2263 1625 2348 Lectio
1645 2262 1699 2350 vi.

283 2385 456 2474 efficaci
480 2391 684 2474 sermone
703 2383 869 2489 flagitia
893 2383 1116 2470 hominum
1275 2379 1404 2471 artini
1435 2378 1591 2487 quinti,
1624 2377 1811 2485 Eugenii
1841 2377 1997 2486 quarti,

286 2505 543 2587 constanter
581 2509 626 2586 et
659 2495 800 2586 libere
839 2496 1116 2605 increpabat:
1295 2493 1470 2582 Nicolai
1496 2493 1651 2602 quinti,
1676 2490 1847 2579 Callisti
1870 2491 1999 2592 tertii,

284 2638 367 2698 nec
393 2613 514 2699 viros
538 2610 712 2697 nobiles
739 2635 791 2696 ac
817 2612 1024 2718 potentes
1050 2633 1115 2692 re·
1166 2607 1235 2690 Pii
1252 2606 1452 2710 secundi,
1468 2605 1595 2692 Pauli
1610 2606 1718 2691 item
1736 2602 1934 2706 secundi,
1954 2614 2002 2690 et

285 2726 561 2833 prehendere
577 2734 646 2812 est
658 2724 833 2827 veritus,
852 2723 1018 2832 siquos
1036 2721 1114 2808 cri-
1168 2719 1281 2807 Sixti
1305 2720 1449 2832 quarti
1473 2729 1626 2824 contra
1645 2719 1878 2804 haereticos
1894 2717 2000 2801 Fra·

285 2839 475 2925 minibus
501 2839 696 2925 irretitos
724 2834 997 2923 offendisset:
1023 2845 1115 2921 tan·
1169 2832 1357 2938 ticallos,
1375 2832 1643 2920 Manichaaos
1662 2830 1902 2933 redivivos,
1918 2831 1999 2915 Pa·

288 2959 449 3060 tusque
475 2949 613 3038 fiebat
638 2948 696 3037 ad
724 2976 825 3038 eum
851 2947 1118 3037 audiendum
1168 2951 1360 3050 tarenos,
1383 2947 1608 3049 Hussitas,
1624 2945 1862 3032 Taboritas
1884 2944 2001 3049 lega·

288 3073 539 3168 concursus,
558 3076 609 3153 ut
626 3090 726 3150 cum
744 3063 1035 3170 frequentiam
1048 3067 1117 3148 ca·
1167 3059 1362 3148 tionibus
1397 3061 1572 3151 iunctus
1610 3070 1690 3147 est.
1742 3058 1911 3163 Quibus
1954 3059 2002 3142 in

288 3206 395 3289 pere
421 3179 494 3265 vel
519 3203 677 3283 magna
704 3175 869 3284 templa
897 3201 985 3260 non
1015 3199 1117 3284 pos·
1170 3172 1526 3282 expeditionibus
1549 3174 1723 3261 Italiam
1748 3171 2002 3258 universam

289 3302 402 3397 sent,
427 3293 472 3377 in
496 3292 655 3401 plateis
679 3301 813 3400 atque
833 3289 947 3377 areis
964 3291 1117 3393 sugga·
1169 3311 1258 3371 non
1305 3287 1441 3374 semel
1488 3289 1724 3400 persistit:
1776 3285 2001 3393 Illyricum

290 3418 360 3494 sta
386 3405 496 3510 erigi
519 3405 687 3514 passim
713 3407 952 3514 oporteret.
1003 3403 1118 3488 Hinc
1169 3401 1313 3501 tertio,
1329 3401 1612 3505 Pannoniam,
1626 3401 1898 3501 Sarmatiam,
1911 3399 2000 3484 Bo·

288 3521 599 3630 imperatores,
633 3543 781 3623 reges,
825 3527 870 3604 et
904 3514 1118 3623 prasules
1169 3514 1358 3602 hamiam
1409 3515 1706 3623 finitimasque
1748 3512 2002 3622 provincias

290 3632 549 3742 amplissimi
572 3632 775 3719 certatim
797 3625 917 3737 apud
943 3654 992 3714 se
1019 3654 1120 3714 eum
1170 3631 1432 3736 peragravit.
1457 3629 1548 3715 Tot
1567 3638 1714 3716 autem
1730 3627 1889 3742 itinera
1906 3627 2002 3712 sine

290 3748 626 3836 concionantem
674 3745 840 3831 habere
875 3742 1120 3832 voluerunt
1170 3744 1348 3830 sacculo
1372 3754 1416 3830 et
1435 3768 1553 3851 pera,
1571 3740 1891 3851 Apostolorum
1909 3764 2001 3825 mo-

288 3860 528 3947 Mediolani
551 3859 608 3946 de
630 3856 905 3964 Magdalanae
927 3855 1119 3942 lacrimis
1170 3881 1237 3960 re,
1269 3855 1458 3966 pedibus
1490 3855 1697 3955 coniecit,
1733 3879 1820 3962 ope
1852 3851 2003 3940 divina

291 3975 461 4077 dicens,
492 3999 571 4060 sex
597 3982 643 4059 et
667 3972 847 4076 triginta
874 3968 1119 4077 impudicas
1171 3971 1298 4056 unice
1315 3969 1470 4072 iretus;
1488 3993 1589 4077 quae
1607 3977 1701 4054 tum
1718 3965 1908 4056 maxime
1924 3971 2003 4076 pa·

289 4087 495 4173 mulieres
517 4113 545 4172 a
566 4085 687 4192 turpi
714 4092 888 4192 quaestu
904 4081 1120 4182 avocavit,
1171 4083 1271 4186 tuit,
1296 4108 1397 4169 cum
1420 4083 1608 4187 rejectus
1633 4106 1660 4167 a
1681 4089 1816 4168 nauta
1831 4081 2004 4166 Padum

292 4197 451 4308 quibus
466 4201 598 4286 etiam
615 4197 803 4307 pecirnia
817 4200 1051 4300 corrogata
1063 4191 1121 4280 ad
1172 4221 1361 4299 amnem,
1381 4195 1518 4304 pallio
1537 4220 1670 4301 super
1688 4219 1828 4303 aquas
1846 4193 2002 4279 instra·

291 4315 365 4423 pie
398 4313 635 4399 vivendum
659 4308 928 4398 domicilium
954 4316 1120 4396 exstru-
1172 4320 1232 4411 to,
1251 4336 1350 4395 cum
1367 4310 1490 4397 socio
1508 4309 1773 4417 pertransiit
1800 4307 2002 4415 Denique

291 4429 366 4514 xit.
410 4426 527 4512 Tum
543 4425 707 4513 storria
724 4423 854 4526 duce,
882 4449 935 4512 ac
952 4422 1120 4509 civibus
1172 4423 1373 4530 Neapoli,
1395 4448 1485 4531 quo
1501 4422 1612 4508 Sixti
1630 4421 1777 4528 quarti
1793 4423 1924 4526 jussu,
1941 4422 2002 4505 in·

292 4541 576 4673 veliementer
601 4537 882 4640 instantibus,
909 4545 959 4623 ut
984 4533 1121 4623 archi·
1174 4542 1319 4624 stante
1336 4536 1618 4625 Fordinando
1637 4560 1757 4640 rege,
1778 4535 2003 4643 profectus

294 4653 1121 4873 llatlllllllllalltsstttl
1174 4648 1724 4851 latratasillll‘ll
1741 4651 2003 4849 itala:

294 4883 368 4968 vit.
411 4882 490 4966 Bis
513 4884 698 4968 centena
721 4877 964 4966 infidelium
986 4875 1124 4964 millia
1174 4878 1281 4984 ptis,
1311 4902 1426 4962 anno
1454 4876 1688 4962 millesimo
1715 4875 2003 4983 quadringen-

293 4992 503 5103 baptismi
538 4994 717 5080 lavacro
753 4992 957 5094 tinxisse,
1001 4989 1123 5077 etin
1175 4992 1333 5077 tasimo
1351 4991 1679 5098 septuagesimo
1697 5001 1836 5092 sexto,
1858 4990 2003 5074 aetatr's

295 5109 520 5214 Hungaria
541 5107 667 5196 brevi
686 5110 888 5215 tempore
913 5105 1123 5213 quinqua·
1176 5104 1447 5207 octogesimo
1472 5104 1642 5212 quinto,
1668 5114 1825 5212 quarto
1843 5101 2003 5187 Kalen·

296 5228 417 5331 ginta
450 5222 759 5309 haereticarum
788 5219 924 5306 millia
954 5215 1012 5304 ad
1042 5216 1123 5305 Ec·
1177 5217 1257 5303 das
1274 5216 1549 5320 Decembris,
1571 5218 1774 5325 spiritum
1791 5217 1890 5303 Deo
1908 5213 2003 5301 rad·

126 5297 129 5302 ,
297 5337 444 5425 clasiae
468 5336 611 5421 sinum
634 5335 863 5421 reduxisse
887 5332 1035 5418 fertur.
1073 5331 1125 5416 ln
1178 5328 1299 5417 didit.
1334 5330 1485 5418 Multis
1507 5340 1612 5438 post
1635 5329 1804 5418 obitum
1820 5328 2003 5418 miracu·

297 5451 426 5538 ltalia
452 5449 764 5556 nequissimam
790 5444 1126 5533 Fratieellorum
1176 5444 1231 5528 lis
1250 5443 1417 5547 claruit,
1441 5444 1599 5553 quibus
1618 5444 1700 5532 rite
1718 5441 1908 5548 cognitis
1925 5441 2004 5530 Ur·

298 5576 466 5652 sectam
482 5568 642 5650 iterum
655 5587 707 5650 ac
720 5560 851 5648 tertio
866 5559 1125 5646 reviviscan-
1176 5555 1318 5644 banus
1363 5563 1546 5648 octavus
1583 5557 1675 5664 ejus
1711 5555 1915 5644 Officium
1959 5563 2005 5640 et
