4322 6182
724 507 841 576 Festa
862 506 1075 578 Februarii.
1099 509 1162 594 (12.
1189 508 1252 592 13.)

143 695 296 780 auxilio
315 694 571 802 spoliarunt.
602 693 663 778 At
681 698 960 801 omnipotens
1010 695 1280 801 nedictidne,
1307 698 1364 785 ab
1390 698 1526 785 humo
1554 723 1686 783 sanus
1714 699 1839 804 erigi·

142 811 264 913 Deus,
287 809 358 895 cui
377 817 444 893 est
460 809 505 891 in
523 807 634 890 mari
653 806 725 893 via
742 817 787 893 et
805 808 960 894 semita
1011 820 1093 911 tur,
1120 813 1299 919 ejusque
1317 812 1478 898 absens
1498 812 1657 919 conjux
1674 813 1841 920 pariter
1916 851 1919 858 ²

141 922 338 1028 inaquis
373 919 541 1021 multis,
585 923 755 1004 muteto
795 920 960 1024 drdine,
1010 923 1242 1010 incblumis
1273 925 1328 1011 ab
1354 925 1439 1010 alia
1464 923 1718 1011 infirmitate
1749 925 1838 1010 effi·

142 1041 285 1122 edrum
298 1033 595 1120 versdtiamin
609 1038 862 1119 sanctbrum
875 1035 961 1139 gld·
1011 1037 1137 1122 citur:
1156 1049 1201 1124 et
1217 1040 1355 1125 multa
1368 1038 1454 1124 alia
1467 1037 1606 1125 edidit
1618 1039 1840 1124 miracula.

141 1148 241 1232 riam
265 1147 482 1234 convertit
506 1145 783 1251 mirabiliter;
809 1148 873 1232 illi
900 1152 959 1234 et·
1011 1150 1215 1254 Migrsvit
1260 1162 1407 1238 autem
1445 1151 1726 1238 beatissimus
1761 1152 1840 1238 Ca·

142 1261 266 1364 enim,
300 1259 495 1346 Demino
527 1257 761 1364 dirigente,
797 1262 959 1348 incdlu·
1012 1264 1194 1348 strensis
1216 1265 1273 1351 ab
1295 1266 1382 1353 hoc
1400 1264 1565 1352 saeculo
1583 1266 1714 1351 tertio
1732 1263 1840 1351 Idus

142 1400 227 1461 mes
255 1372 314 1461 ad
343 1373 596 1482 Campdniae
625 1373 778 1460 littora
807 1399 960 1483 perve·
1011 1376 1250 1462 Februerii
1300 1379 1511 1487 Ejusdem
1541 1404 1716 1465 sacrum
1746 1404 1839 1464 cor·

141 1491 297 1572 nerunt
356 1497 407 1601 11.
432 1487 587 1572 Inveni
603 1486 761 1574 David.
1011 1516 1095 1597 pus
1116 1491 1316 1577 Montem
1332 1493 1546 1598 Regelem
1568 1492 1841 1595 translatum,

436 1613 589 1696 Lectio
608 1639 647 1694 v.
1011 1603 1056 1686 in
1093 1604 1435 1712 metropolitana
1473 1605 1554 1692 sub
1594 1604 1732 1690 altere
1772 1631 1840 1690 ca·

213 1723 310 1800 rant
331 1723 479 1802 autem
498 1713 755 1816 Castrensis,
772 1715 960 1822 Priscus,
1011 1716 1141 1824 pellae
1184 1718 1405 1824 magnifici
1446 1718 1593 1827 Operis
1632 1717 1691 1803 ad
1724 1717 1841 1802 illius

237 1827 512 1928 Timmarus
529 1826 705 1929 Rdsius,
719 1828 961 1933 Heraclius,
1011 1832 1269 1917 memeriam
1293 1839 1574 1933 constructae,
1596 1831 1841 1918 honorifice

140 1941 423 2043 Secundinus,
440 1939 645 2045 Aditum,
664 1940 854 2046 Marcus,
872 1944 960 2029 Au·
1013 1945 1253 2049 cenditum,
1276 1972 1446 2032 summa
1468 1946 1751 2032 veneratione
1769 1950 1840 2031 cd·

140 2062 303 2158 gidus,
337 2055 558 2163 Elpidius,
588 2054 756 2139 Cenion
786 2065 831 2141 et
856 2056 960 2142 Vin·
1012 2061 1125 2146 litur.
1142 2060 1271 2147 Unde
1284 2061 1476 2166 insignes
1490 2058 1628 2168 ipsius
1641 2058 1841 2165 reliquiae

141 2169 306 2272 ddnius3
336 2169 411 2275 qui
434 2192 604 2271 omnes,
628 2168 801 2272 Angelo
827 2168 960 2255 dedu·
1011 2175 1056 2259 in
1092 2174 1458 2261 Archidioecesim
1500 2172 1841 2281 Neapolitanam

141 2287 275 2385 cente,
307 2280 367 2367 ad
393 2281 494 2366 loca
520 2280 720 2388 propria,
748 2308 847 2389 quae
874 2282 960 2368 illis
1012 2289 1249 2391 transietae,
1271 2288 1316 2371 in
1332 2288 1454 2374 beeti
1472 2287 1716 2374 Castrensis
1732 2296 1840 2372 tem·

140 2395 329 2482 Christus
346 2418 430 2502 pro
447 2393 589 2479 salute
603 2393 874 2481 credentium
888 2395 960 2483 de·
1012 2403 1088 2510 plo
1115 2400 1269 2511 eppidi
1286 2401 1472 2504 Marini,
1496 2400 1572 2488 ubi
1589 2404 1841 2508 praecipuus

140 2510 381 2610 stinaverat,
404 2509 714 2616 pervenerunt3
737 2508 961 2616 inquibus
1011 2517 1229 2602 Patrdnus
1253 2514 1455 2618 habetur,
1477 2513 1683 2619 religidse
1702 2538 1839 2599 asser·

140 2621 331 2730 dispersi,
346 2621 620 2726 diversisque
635 2621 844 2706 Ecclesiis
857 2649 962 2731 pree
1012 2634 1180 2716 ventur.
1223 2636 1278 2740 lt.
1308 2629 1400 2714 Iste
1419 2638 1487 2714 est
1505 2627 1591 2733 qui.

140 2736 248 2838 fecti,
271 2734 568 2823 Christianam
591 2733 838 2821 doctrinam
860 2762 960 2844 pro·
1062 2757 1106 2827 in
1129 2755 1193 2826 ΠΙ.
1209 2754 1409 2824 Nocturno
1433 2749 1606 2819 Humilia
1630 2749 1669 2818 in
1693 2750 1838 2836 Evang.

139 2854 358 2958 pagsrunt.
391 2850 577 2934 Sanctus
594 2858 743 2934 autem
761 2849 961 2934 Castren·
1014 2847 1191 2938 Vigilate.
1216 2852 1264 2920 de
1289 2850 1433 2920 comm.
1457 2849 1487 2914 2.
1512 2849 1610 2917 loeo.

140 2964 193 3047 gig
214 2962 428 3048 humanas
453 2986 564 3071 opes
588 2971 632 3048 et
654 2962 795 3048 fastus
817 2961 960 3070 despf.
1060 2959 1193 3029 Lectio
1218 2957 1268 3025 ix.
1302 2956 1348 3024 de
1374 2954 1545 3024 Humilia
1575 2961 1612 3021 et
1641 2971 1838 3020 commem.

139 3077 265 3179 ciens,
288 3080 337 3160 in
360 3073 614 3162 suburbano
641 3074 868 3182 cujrisdam
892 3102 960 3160 ur·
1011 3057 1135 3128 Feriae
1161 3059 1199 3126 ³¹¹
1223 3054 1434 3124 laudibus.

139 3188 200 3275 bis
212 3189 424 3275 humilem
437 3188 640 3275 cellulam
653 3189 847 3276 incdluit.
872 3188 962 3277 Sed
1212 3223 1299 3308 Die
1316 3223 1365 3305 12
1393 3218 1633 3305 Februarii,

140 3303 206 3410 qui
228 3303 420 3389 humiles
443 3302 624 3406 exeltat,
650 3313 693 3388 et
712 3300 849 3388 corda
867 3302 960 3389 ubi·
1162 3353 1195 3436 5
1225 3287 1378 3436 TffiE'
1414 3355 1474 3434 is„
1514 3363 1551 3435 ,t
1573 3353 1688 3434 conf

140 3441 218 3522 que
235 3417 463 3523 cdnspicit,
482 3425 526 3501 et
546 3415 621 3523 qui
638 3441 719 3501 nec
738 3415 962 3502 civitatem
1197 3416 1206 3437 ⁸
1381 3383 1408 3460 p
1453 3382 1530 3436 m
1595 3403 1606 3432 ¹
1686 3417 1693 3432 ‘

139 3556 262 3638 super
277 3538 485 3630 montem,
502 3553 585 3614 nec
602 3527 750 3613 lumen
769 3527 851 3614 sub
870 3533 960 3614 md·

1343 3475 1507 3564 Duplex¹

168 3643 177 3660 .
433 3642 442 3660 .
600 3645 609 3668 .
653 3642 662 3660 .
809 3641 818 3658 .
857 3641 867 3661 .
934 3646 943 3666 ‚
1064 3592 1200 3662 Omnia
1230 3589 1331 3660 utin
1357 3588 1559 3657 Breviario
1590 3587 1703 3654 dieu.
1728 3585 1838 3654 Febr.

139 3642 206 3730 d¹⁰
230 3641 445 3730 ab⁵⁰6nd¹
467 3651 702 3749 pemmt’
727 3640 783 3727 ab
806 3641 893 3726 lllls
911 3642 960 3726 fi'
1013 3689 1156 3760 omissa
1180 3707 1312 3757 comm.
1334 3687 1369 3754 S.
1387 3685 1596 3754 Durotbcae
1611 3682 1714 3766 Virri.
1731 3679 1837 3749 llurt.

138 3757 277 3860 nibus,
312 3782 340 3841 a
377 3754 535 3863 quibus
566 3753 778 3864 expdlsus
807 3754 960 3858 flerat,
1593 3855 1619 3875 ..
1695 3789 1838 3796 —--

139 3867 908 3979 ejusnomenpraedicdriconstituit
1215 3861 1300 3947 Die
1317 3862 1377 3946 13.
1395 3857 1634 3943 Februam.

186 4002 233 4083 R„
257 3985 396 4072 Pbsui
415 3982 691 4090 adjutdrium.
1156 3991 1261 4077 (Dies
1286 3992 1347 4060 iix.
1374 4009 1392 4058 e
1419 3989 1468 4057 ll.
1493 3985 1693 4064 ianuarii.)

211 4088 217 4106 ’
433 4113 587 4196 Lectio
608 4115 660 4194 vr.
1010 4089 1839 4202 &Hilariil]p.Conf.et1lecl.Doct.

275 4237 366 4320 quo
400 4211 516 4297 enim
551 4209 708 4317 spiritu
739 4207 960 4315 superbiae
1344 4219 1508 4304 Duplex.

231 4325 427 4434 percitus
448 4323 583 4408 homo
603 4320 793 4406 crudelis
817 4330 862 4406 et
883 4325 959 4404 im·
1065 4327 1201 4397 Omnia
1234 4327 1281 4395 dc
1314 4323 1516 4396 Communi
1547 4321 1655 4392 Conl.
1687 4319 1839 4406 Pontii,

139 4439 241 4544 pius,
257 4440 436 4525 nemine
454 4436 756 4537 Adamantius,
775 4430 959 4520 dederat
1012 4437 1153 4512 puster-
1177 4423 1388 4510 sequentia.
1410 4418 1471 4504 (¹12
1494 4425 1519 4488 t.
1542 4419 1592 4502 v.)

140 4553 377 4654 consilium,
402 4563 453 4637 ut
480 4550 620 4637 sancti
647 4549 831 4635 carissae
858 4547 959 4633 navi
1063 4547 1112 4625 In
1129 4545 1323 4648 utrisque
1335 4543 1468 4644 Vcsp.
1484 4537 1722 4663 adblaunif.
1739 4539 1838 4616 rint.

138 4661 469 4772 imponerentur,
493 4689 581 4771 quo
600 4665 899 4767 mergerentur
914 4661 959 4746 in
1014 4649 1237 4737 ODoctor
1252 4649 1431 4756 eptime.
1471 4653 1518 4746 l'.
1536 4647 1714 4728 Amdvrt
1727 4663 1838 4723 eum.

139 4778 398 4882 profundum
423 4802 561 4879 mare,
587 4776 650 4861 ita
675 4775 867 4880 graviter
893 4798 958 4859 re·
1345 4785 1509 4867 oratio,

138 4895 263 4994 pente
282 4895 524 5000 oppressus
544 4901 589 4976 et
606 4893 860 4976 contractus
879 4897 957 4990 est,
1100 4919 1195 4996 eus,
1233 4891 1309 4999 qui
1343 4890 1513 4998 pupulo
1547 4898 1626 4973 tuo
1659 4885 1838 4968 aetemae

140 5014 182 5088 ut
194 5003 327 5091 veluti
343 5005 555 5110 gibbdsus
568 5014 731 5089 terram
746 5007 958 5109 spectare,
1126 5005 1279 5091 salitis
1291 5003 1471 5089 beetum
1484 4998 1701 5084 Hilarium
1715 4995 1837 5080 mini·

140 5115 279 5204 divino
315 5117 497 5224 judicio,
541 5120 791 5221 cogeretur3
828 5140 958 5222 quam
1007 5133 1147 5208 strum
1165 5116 1373 5204 tribuistiz
1390 5123 1555 5224 praesta
1569 5115 1836 5219 quaesumus3

140 5255 309 5334 poenam
338 5229 507 5318 tamdiu
542 5229 767 5331 sustinuit,
804 5225 958 5331 donec,
1007 5246 1068 5338 ut,
1086 5259 1219 5343 quem
1230 5231 1475 5316 Doctdrem
1487 5227 1590 5314 vitae
1604 5223 1837 5310 habuimus

142 5341 304 5448 A¹¹8010
327 5348 550 5446 Πῑθῐὶόῐὶῒθ,
575 5344 802 5450 Campeno
825 5342 871 5425 in
891 5340 958 5426 lit·
1007 5347 1205 5448 interris,
1221 5344 1557 5430 intercessorem
1571 5337 1836 5424 habereme·

141 5465 228 5542 tore
258 5459 537 5546 Castrensem
566 5456 805 5561 benignum
838 5455 957 5539 Anti·
1008 5467 1183 5547 reamur
1199 5459 1245 5542 in
1264 5457 1399 5545 coelis.
1424 5456 1512 5541 Per
1529 5453 1777 5540 Deminum

145 5567 283 5656 sfilem
301 5572 519 5676 convenit,
543 5571 666 5678 cujus
684 5572 869 5675 accepta
886 5564 958 5651 be·
1061 5589 1266 5658 Commcm.
1292 5585 1424 5652 Feriae.
