4346 6176
984 498 1102 569 Festa
1122 497 1229 569 Julii.
1252 498 1331 585 (24.)

297 686 359 770 mi
376 686 566 772 civitatis
585 691 804 772 consensu
823 699 1006 795 quartus
1025 692 1133 797 ejus·
1183 695 1451 793 revocaret,
1472 690 1621 777 divino
1653 693 1824 777 menitu
1855 692 1912 779 ab
1943 694 2011 777 Al-

299 800 401 885 dem
420 796 540 884 sedis
558 803 744 885 antistes
763 801 946 905 eligitur.
1185 800 1310 889 drico
1331 804 1653 890 cenomanensi
1675 805 1871 891 antistite
1887 806 2012 893 Libe·

350 927 403 1031 R.
428 921 584 1004 Inveni
601 921 759 1008 David.
1185 915 1239 998 rii
1266 941 1429 1025 corpus
1456 918 1727 1024 impetrent,
1757 927 1803 1002 et
1827 919 2014 1002 maxima

609 1080 764 1166 Lectio
782 1112 821 1166 V·
875 1147 879 1154 .
1185 1053 1285 1113 cum
1304 1029 1562 1115 celebritete
1585 1029 1782 1136 suscepit
1801 1038 1886 1113 ano
1905 1030 2012 1114 salu·

383 1197 928 1413 eigffffigggggifg
947 1199 1133 1397 mgssg
1184 1145 2014 1362 trcrtcrrrttuueeurtu

334 1426 342 1445 ·
445 1424 501 1442 ··
652 1422 706 1441 ··
770 1426 780 1448 e
1186 1393 1339 1454 omnes
1369 1369 1467 1454 illas
1498 1369 1701 1474 regienes
1731 1369 1844 1451 mira
1874 1368 2013 1471 signe·

297 1423 1135 1642 ΗΜ
1185 1505 1283 1565 mm
1585 1482 1880 1582 inim

299 1652 403 1736 vitae
426 1650 672 1734 innocentis
691 1649 908 1756 exemplu,
931 1659 976 1734 et
995 1650 1134 1737 effisa

298 1763 343 1847 in
367 1768 590 1870 pauperes
613 1761 798 1846 caritete
823 1767 1050 1870 praecipue
1073 1765 1134 1848 in·

299 1876 445 1978 signis,
459 1873 616 1981 pepuli
629 1897 776 1958 mores
790 1873 1063 1977 reformavit
1081 1903 1134 1961 ac

298 1995 458 2094 potens
476 1986 672 2093 irrepere
688 1990 952 2072 etsermene
969 1989 1135 2074 multos

299 2099 541 2204 integritati
564 2100 684 2229 vitae,
711 2097 906 2207 fideique
931 2102 1134 2187 restituit

299 2213 473 2429 ἓὲἳῗὲἓ
507 2208 1134 2431 ξξέωἷίἳῒόῖθέὥθέοάῖἐᾚ
1185 2272 1336 2355 multis
1353 2273 1398 2354 in
1415 2270 1670 2410 regieniiius
1688 2267 1962 2376 celebretur.n

298 2435 569 2544 ptemdecim
613 2433 832 2540 ecclesiis,
884 2439 929 2521 in
975 2440 1135 2545 quibus
1236 2398 1290 2501 R·
1317 2394 1407 2478 1⁸¹⁶
1430 2401 1498 2478 est
1518 2418 1604 2499 ‘¹¹¹¹‘
1719 2532 1756 2547 ..
1811 2534 1818 2547 ‚

297 2575 383 2657 pro
410 2550 500 2656 jugi
523 2547 774 2634 divinorum
796 2550 1044 2636 officiosum
1066 2579 1134 2639 00,
1226 2532 1279 2646 In
1302 2532 1368 2602 III.
1384 2532 1585 2601 Nocturno
1609 2531 1784 2640 Hemrha
1807 2554 1847 2602 m
1870 2532 2016 2621 Evang.

297 2662 561 2765 lebratiene,
585 2671 629 2748 et
651 2662 934 2749 affluentibus
954 2666 1135 2772 pepulis
1187 2626 2015 2759 Q

299 2777 535 2860 Sacrerum
574 2772 925 2882 dispensatione,
972 2776 1135 2863 diversi
1175 2873 1179 2879 ⁸
1452 2804 1538 2889 Die
1555 2805 1622 2886 24,
1641 2801 1756 2887 Julii,

300 2887 468 2973 erdinis
503 2889 729 2975 ministros
764 2890 965 2976 instituit.
1022 2890 1135 2976 Tan·

301 3000 403 3087 dem
433 3000 911 3107 quadragintanovem
939 3005 1064 3089 annis
1091 3006 1135 3089 in

301 3113 563 3220 episcopatu
589 3115 865 3200 sanctissime
888 3119 1136 3220 transactis,
1470 3170 1726 3260 semiduplex

301 3224 571 3311 obdormivit
588 3227 843 3314 inDemino
858 3228 1033 3315 decimo
1047 3231 1135 3317 Ka·
1361 3286 1450 3370 (pm
1474 3285 1649 3355 Dioecesi
1671 3228 1844 3372 tm)

299 3336 454 3422 lendas
492 3340 695 3443 Augusti.
752 3341 867 3425 Eum
906 3344 952 3426 in
991 3343 1135 3429 cilicio
1240 3399 1350 3470 Offic'
1442 3406 1485 3469 ut
1507 3398 1548 3467 in
1570 3398 1689 3469 Festo
1822 3341 1873 3451 ’,

300 3448 650 3552 decumbentem,
676 3463 721 3538 et
739 3451 798 3538 ad
817 3454 1134 3562 coelestempe-
1340 3421 1419 3470 rum
1692 3452 1713 3526 ἲ
1998 3507 2019 3558 ·.

298 3563 429 3649 triam
447 3561 726 3650 anhelantem
744 3565 903 3653 beatus
920 3567 1136 3654 Martinus
1236 3514 1281 3583 In
1315 3513 1344 3583 1.
1373 3513 1409 3582 N
1413 3521 1575 3583 oeturno
1607 3511 1813 3582 Lectiones
1844 3510 1892 3580 de
1923 3509 2006 3582 Scri

299 3676 572 3762 Turonensis
604 3681 845 3786 episcopus
876 3679 933 3765 ab
961 3682 1135 3786 Angelo
1186 3619 1300 3699 ptura
1325 3615 1560 3680 occurrente.

299 3788 491 3874 menitus
532 3789 698 3875 invisit:
743 3798 1056 3898 mortuumque
1091 3794 1136 3878 in
1421 3765 1471 3844 1¹¹
1490 3765 1541 3845 ῙῙ·
1561 3763 1809 3845 N⁰⁰t¹¹m⁰··

300 3901 553 3987 suburbena
582 3903 769 3988 ecclesia
794 3901 1038 3990 honorifice
1070 3933 1135 3991 se·
1187 3907 1342 3989 Sermo
1371 3902 1513 3989 sancti
1536 3901 1773 4004 Augustini
1794 3899 2020 4007 Episcopi.

299 4013 471 4142 pelivit,
494 4013 572 4099 ubi
594 4015 743 4101 multis
766 4020 926 4123 pbstea
949 4017 1135 4102 mirdcu·
1286 4033 1420 4103 Sermo
1443 4032 1495 4101 45.
1521 4031 1569 4100 de
1595 4030 1763 4101 diversis
1788 4050 1871 4118 cap.
1897 4030 1926 4099 l.

298 4124 354 4208 hs
372 4126 633 4212 coruscevit.
1490 4161 1645 4245 Lectio
1665 4162 1720 4242 iv,

354 4251 406 4355 R·
429 4245 566 4330 pomi
583 4245 862 4411 adjutqsiuffn·
1203 4343 1240 4413 ς
1303 4291 1654 4391 raestebitnobis,
1669 4292 1747 4398 qui
1762 4291 1879 4376 diem
1888 4291 2019 4376 istum

605 4396 759 4479 Lectlo
781 4422 833 4475 vl·
1232 4476 1244 4511 λ
1281 4440 1288 4453 ·
1321 4402 1651 4489 commendavit
1672 4404 1718 4487 in
1735 4403 1900 4489 sanctis
1919 4405 2020 4503 suis,

394 4540 518 4600 erum
531 4527 638 4624 post
651 4516 1135 4604 debellatamacrrolo
1248 4518 1258 4531 '‘
1320 4526 1370 4603 ut
1412 4516 1644 4601 infirmitas
1686 4517 1812 4601 vocis
1855 4526 2018 4601 nostrae

421 4629 583 4733 Magno
611 4632 867 4733 Saxeniam,
900 4641 945 4716 et
973 4631 1137 4717 Christi
1188 4630 1376 4716 sufficiat
1399 4628 1632 4714 intentieni
1650 4639 1822 4714 vestrae.
1855 4629 1913 4714 Et
1937 4628 2020 4714 hoc

299 4744 401 4846 jugo
426 4742 674 4844 subectam,
698 4742 961 4829 Baduredus
984 4750 1136 4829 secun·
1189 4741 1311 4850 quod
1335 4745 1560 4846 gestemus
1588 4741 1634 4825 in
1657 4741 1878 4842 menibus,
1909 4741 2019 4827 Scri·

301 4852 384 4938 dus
428 4854 728 4941 Paderbemae
773 4857 818 4940 in
856 4855 1137 4962 Westphelia
1186 4862 1319 4963 ptura
1342 4854 1527 4954 scilicet,
1552 4878 1685 4960 quam
1703 4852 1883 4956 videtis,
1905 4879 2019 4939 com·

1185 1732 1393 1811 magnum
1439 1707 1605 1812 ubique
1647 1704 1817 1791 Liberii
1858 1730 2015 1790 nomen

1187 1845 1285 1904 esse
1304 1820 1451 1928 coepit.
1491 1819 1580 1907 Sed
1598 1821 1689 1925 ejus
1707 1818 1847 1903 virtus
1866 1826 2016 1903 eontra

1185 1933 1458 2040 nephriticos
1481 1932 1662 2019 doleres
1684 1935 1913 2038 praecipue
1937 1930 2015 2013 cla·

1186 2047 1336 2147 rescit,
1361 2045 1581 2131 continuis
1601 2048 1766 2130 testeta
1781 2042 2016 2140 beneflciis,

1328 2932 1481 3016 Tertia
1499 2930 1571 3016 die
1589 2932 1701 3014 infra
1721 2931 1875 3017 Octav.

1298 3064 1342 3147 S.
1370 3061 1548 3147 Mariae
1576 3057 1909 3162 Magdalenae.

301 4971 560 5075 episcopus,
596 4993 698 5053 cum
729 4968 874 5055 adhuc
906 4968 1062 5054 rudem
1091 4970 1137 5054 in
1187 4965 1369 5052 mendat
1385 4965 1515 5051 nobis
1535 4964 1843 5071 inquirendam
1865 4975 1911 5050 et
1932 4964 2019 5049 lau·

300 5077 389 5163 fide
414 5082 632 5188 pepulum
656 5080 714 5166 ad
740 5087 882 5167 avitas
909 5082 1137 5184 gentilium
1189 5075 1381 5164 dendam
1408 5079 1637 5164 mulierem
1660 5077 1916 5183 quamdam,
1949 5077 2019 5161 ha·

301 5194 638 5298 superstitiones
671 5219 770 5280 sese
806 5198 1137 5280 convertentem
1187 5191 1367 5277 bentem
1389 5217 1598 5296 magnum
1620 5193 1779 5296 virum,
1805 5216 1922 5291 eum,
1948 5189 2020 5296 qui

301 5301 695 5407 animadvertisset,
715 5331 804 5412 quo
818 5305 942 5390 illum
955 5305 1012 5392 ab
1027 5308 1136 5410 ejus·
1186 5304 2021 5412 invenitperditam,omevitinventam.

299 5416 423 5504 modi
447 5418 673 5503 erreribus
698 5443 778 5526 per
797 5443 963 5503 novum
986 5422 1135 5525 patre·
1189 5417 1421 5504 Attendite
1448 5421 1569 5523 cuius
1590 5415 1791 5503 membra
1813 5418 1933 5518 estis,
1959 5417 2019 5498 in·

300 5554 405 5615 num
423 5555 476 5615 ac
497 5529 836 5617 intercesserem
853 5527 975 5640 apud
991 5530 1137 5618 Deum
1189 5531 1348 5640 spicite
1375 5533 1500 5638 cujus
1526 5531 1605 5616 filii
1632 5531 1750 5616 estis.
1793 5530 2021 5616 Mulierem

1185 1619 1282 1678 rum
1300 1595 1415 1680 fama
1437 1596 1482 1677 in
1506 1593 1602 1681 dies
1618 1591 2015 1702 percrebrescente,
2141 1622 2142 1635 ¹

1187 2157 1246 2243 ob
1271 2184 1372 2263 quae
1394 2157 1609 2266 peculieri
1630 2156 1829 2242 fidelium
1852 2156 2016 2263 pietete
2142 2193 2143 2202 κ
