4402 6190
876 489 992 584 Festa
1016 485 1266 574 Septembris,
1290 483 1345 570 (l.)

327 685 586 790 Capitulum.
829 683 950 764 Cant.
965 681 1001 760 2.

242 791 431 1010 Surge,
449 807 591 887 amica
609 826 719 902 mea,
742 799 949 906 speciusa
965 821 1076 900 mea,

340 924 385 1000 et
402 914 518 1000 veni:
542 912 748 999 columba
770 936 871 997 mea
893 911 938 995 in
962 909 1075 995 fora·

211 1083 214 1090 ⁴
241 1025 431 1113 minibus
458 1037 617 1134 petrae,
646 1028 691 1110 in
720 1028 908 1110 caverna
934 1026 1075 1108 mace·

241 1139 335 1223 riae:
354 1138 539 1225 ostende
557 1138 664 1224 mihi
680 1138 838 1224 ficiem
856 1147 988 1238 tuam,
1007 1141 1076 1219 so-

242 1261 317 1336 net
339 1275 429 1336 vox
453 1261 530 1337 tua
556 1253 603 1336 in
629 1250 809 1338 auribus
835 1245 961 1338 meis:
988 1249 1077 1333 v'ox

242 1365 358 1449 enim
379 1376 456 1451 tua
483 1363 643 1462 dulcis,
671 1373 716 1451 et
742 1363 877 1450 iecies
904 1372 981 1446 tua
1004 1358 1076 1445 de·

244 1480 362 1561 cera.

559 1587 771 1690 Hymnus.

353 1735 454 1816 quae
473 1710 719 1818 triumphas
738 1709 916 1810 retbere,

373 1823 579 1912 Humuna
597 1833 702 1910 vota
720 1822 909 1932 suscipe,

295 1934 357 2020 Ut
375 1935 603 2022 offerenda
620 1936 800 2022 Numini

295 2047 405 2133 Tuis
425 2052 613 2136 cortines
633 2048 829 2136 floribus.

248 2180 373 2264 Nunc
390 2180 508 2264 veris
526 2181 682 2265 aeterni
699 2204 813 2282 rosa,

294 2292 446 2396 AEgris
464 2291 644 2378 medere
661 2292 893 2394 mentibus,

294 2404 375 2506 Tu,
396 2431 496 2512 quae
516 2408 653 2491 sacris
672 2405 887 2492 oderibus

295 2516 440 2603 Pestis
459 2523 628 2605 venena
646 2518 849 2627 dissipas.
882 2607 885 2614 ,

248 2644 460 2750 Defende,
478 2649 630 2753 Virgo,
648 2649 839 2758 patriam

296 2757 483 2863 Voceta,
502 2772 547 2847 et
565 2762 719 2849 orbem
737 2766 940 2869 pretege:

297 2870 567 2981 Nostrisque
586 2874 819 2960 adhaerens
838 2871 1059 2973 cordibus,

296 2984 438 3070 Luem
455 2986 621 3096 repelle
640 2987 882 3072 criminum.

250 3129 273 3209 J
275 3148 364 3225 esu,
382 3149 463 3232 per
481 3125 596 3211 hanc
614 3127 850 3212 amabilem

298 3233 528 3341 Sponsam,
546 3243 781 3347 precamur
800 3235 1037 3343 supplices,

299 3347 359 3434 Ut
375 3349 502 3454 justae
522 3352 578 3437 ab
596 3351 675 3437 irae
692 3351 873 3437 fulmine

299 3461 435 3548 Rosae
453 3469 654 3568 tegamur
671 3463 911 3550 frondibus.

251 3594 380 3693 Patri,
399 3592 619 3702 simulque
636 3594 760 3696 Filio,

300 3704 501 3811 Tibique,
518 3721 671 3794 sancte
690 3707 891 3816 Spiritus,

299 3818 422 3904 Sicut
440 3819 611 3924 fuit,'sit
628 3821 786 3928 jugiter

300 3930 490 4016 Saeclum
508 3958 591 4039 per
608 3959 739 4019 omne
758 3931 919 4046 gloria,

563 4047 718 4132 Amen.
752 4111 756 4119 .

304 4159 355 4263 ll.
391 4163 565 4250 Diffusa
596 4178 665 4253 est
698 4167 841 4273 gretia
873 4168 918 4251 in
953 4166 1082 4252 labiis

248 4277 347 4361 tuis.
407 4281 460 4384 it.
495 4278 740 4389 Propterea
775 4277 1003 4365 benedixit
1037 4290 1083 4365 te

91 4491 95 4500 ἢ
248 4387 372 4472 Deus
398 4389 444 4472 in
472 4395 696 4478 aeternum.
748 4411 750 4418 '

305 4515 378 4600 nd
394 4516 558 4600 Bened.
582 4518 683 4602 Ant.
711 4520 908 4619 Regnum
920 4513 1083 4614 mundi,

249 4634 295 4710 et
314 4649 490 4710 omnem
510 4627 714 4712 ornetum
727 4627 877 4712 steculi
891 4630 1084 4712 contem·

247 4738 334 4845 psi,
361 4748 547 4846 propter
573 4744 769 4826 emerem
793 4741 974 4825 Domini
997 4741 1085 4825 mei

249 4851 274 4934 J
275 4875 354 4936 esu
391 4850 573 4956 Christi,
620 4879 753 4960 quem
797 4852 907 4956 vidi,
954 4877 1085 4960 quem

249 4965 412 5160 furtivi,
436 4965 482 5048 in
506 4990 637 5071 quem
661 4967 847 5068 credidi,
872 4991 1004 5074 quem
1023 4964 1085 5052 di·

266 5078 348 5161 exi.

591 5175 756 5258 Oratio.

255 5289 433 5502 Deus,
454 5305 529 5410 qui
545 5304 724 5392 beutam
741 5305 970 5391 Rostiiam
989 5304 1086 5390 Vir·

373 5418 521 5522 ginem
549 5445 574 5505 e
602 5418 825 5525 regelibus
848 5418 1018 5507 deliciis
1042 5419 1088 5502 in

252 5532 471 5617 muntium
497 5533 780 5620 solitudinem
807 5531 1088 5619 transtulisti:

1112 665 1324 763 ¹concede
1341 676 1579 784 propitius;
1601 687 1662 778 ut,
1681 679 1774 783 eius
1790 677 1964 763 meritis

1125 797 1173 896 et
1190 789 1523 890 intercessione,
1546 814 1575 873 a
1590 787 1744 874 mundi
1760 789 1966 896 volupte·

1128 901 1246 986 tibus
1268 900 1314 984 in
1334 900 1582 988 coelestium
1605 905 1802 988 amurem
1825 903 1964 1008 eriga-

1128 1039 1243 1116 mur,
1267 1023 1313 1100 et
1329 1012 1387 1100 ab
1408 1013 1651 1100 iracundiae
1668 1023 1760 1101 tuae
1778 1015 1966 1118 flagellis

1128 1124 1472 1213 misericorditer
1488 1126 1736 1213 liberemur.
1769 1126 1856 1213 Per
1873 1127 1965 1212 De·

1128 1239 1295 1323 minum
1312 1249 1526 1324 nostrum.

1402 1385 1472 1461 Ad
1494 1385 1699 1462 Tertiam.

1188 1505 1288 1587 Ant.
1315 1500 1514 1586 Lactabo
1531 1525 1641 1588 eam.
1688 1521 1696 1542 ·

1190 1626 1329 1730 Capit.
1357 1626 1504 1728 Surge,
1522 1628 1675 1708 amica.
1701 1639 1750 1711 ut
1769 1653 1912 1733 supra.

1188 1755 1240 1860 lt.
1263 1753 1326 1836 br.
1346 1750 1503 1860 Specie
1527 1763 1619 1856 tua,
1650 1751 1751 1840 *Et
1775 1751 1968 1861 pulchri·

1116 1863 1286 1949 ¹tudine
1310 1873 1397 1949 tua
1425 1865 1583 1973 Specie
1601 1877 1690 1951 tua.
1750 1855 1801 1962 ll.
1820 1867 1967 1950 Inten-

1132 1973 1208 2077 de,
1243 1981 1462 2085 prospere
1492 1977 1710 2086 procede,
1743 1988 1788 2065 et
1819 2004 1970 2084 regna.

1132 2089 1190 2175 Et
1206 2090 1534 2200 pulchritudine
1552 2103 1640 2178 tua.
1673 2092 1822 2178 Gloria
1833 2092 1972 2177 Patri.

1132 2203 1290 2310 Specie
1307 2214 1396 2290 tua.

1188 2318 1241 2423 ll.
1267 2324 1511 2432 Adiuvdbit
1550 2353 1650 2413 eam
1685 2328 1809 2414 Deus
1844 2328 1972 2413 vultu

1134 2463 1227 2523 suo.
1284 2441 1337 2545 It.
1357 2439 1481 2526 Deus
1504 2441 1549 2525 in
1571 2441 1722 2528 medio
1745 2443 1855 2546 cius,
1877 2466 1971 2525 non

1133 2550 1498 2638 commovebitur.

1410 2698 1479 2773 Ad
1502 2697 1688 2775 Sextum.
1843 2725 1850 2736 ·

1190 2815 1292 2898 Ant.
1319 2811 1518 2928 Dilectus
1536 2839 1662 2900 meus
1679 2813 1797 2897 mihi.

1219 2954 1479 3059 Capitulum.
1722 2951 1895 3034 Canus.

1133 3064 1302 3278 Pone
1333 3097 1405 3157 me
1429 3084 1489 3159 -ut
1525 3075 1800 3179 signecnlum
1834 3101 1974 3184 super
2136 3147 2143 3158 .

1191 3237 1193 3242 -
1233 3193 1465 3287 cortuum,
1483 3196 1533 3273 ut
1546 3186 1821 3291 signaculum
1835 3213 1975 3296 super

1132 3296 1364 3383 brachium
1387 3310 1529 3402 tuum,
1556 3301 1660 3408 quia
1682 3299 1811 3386 fortis
1834 3311 1976 3388 estut

1132 3435 1252 3496 mors
1272 3410 1463 3499 dilectio.

1192 3535 1244 3640 li.
1273 3533 1338 3617 br.
1375 3530 1616 3639 Adiuvabit
1653 3560 1751 3621 earn
1792 3535 1973 3622 *Deus

1133 3643 1258 3730 vultu
1276 3670 1370 3731 suo.
1397 3645 1650 3751 Adiuvabit.
1714 3633 1765 3739 li.
1781 3648 1906 3733 Deus
1923 3651 1973 3732 in

1133 3755 1282 3844 medio
1319 3760 1432 3863 ejus,
1476 3785 1567 3845 non
1606 3760 1974 3848 commovebitur.

1133 3870 1268 3968 Deus.
1301 3872 1451 3956 Gloria
1468 3873 1601 3962 Patri.
1627 3873 1880 3980 Adiuvebit

1192 3983 1244 4089 ll.
1254 3991 1400 4096 Elegit
1415 4017 1514 4079 eam
1527 3995 1663 4097 Deus,
1682 4007 1727 4083 et
1739 3993 1975 4104 praeelegit

1135 4131 1243 4191 eam.
1295 4109 1347 4212 it.
1372 4108 1425 4190 ln
1442 4106 1732 4196 tabematculo
1750 4133 1832 4193 suo
1850 4107 1974 4194 habi·

1134 4223 1231 4304 ture
1249 4218 1355 4304 iacit
1373 4244 1482 4305 eam.

1417 4364 1486 4440 Ad
1504 4367 1690 4444 Nonam.

1192 4478 1292 4560 Ant.
1319 4478 1487 4563 Fulcite
1505 4505 1576 4564 me
1595 4478 1792 4566 floribus.

1220 4615 1480 4720 Capitulum.
1722 4615 1896 4699 Cantd.

1220 4765 1251 4822 n
1268 4738 1457 4824 dilectus
1480 4762 1606 4824 meus
1628 4738 1826 4846 lequitur
1849 4737 1974 4822 mihi:

1251 4852 1410 4957 Surge,
1441 4855 1656 4958 prepera,
1687 4855 1831 4936 amica
1861 4876 1973 4953 mea,

1137 4966 1333 5055 formdsa
1359 4990 1475 5066 mea,
1502 4974 1548 5049 et
1573 4965 1686 5049 veni.
1729 4964 1829 5049 Jam
1855 4967 1973 5050 enim

1136 5079 1277 5164 hiems
1302 5078 1493 5181 trunsiit,
1519 5076 1662 5163 imber
1686 5076 1809 5182 abiit,
1837 5086 1882 5162 et
1906 5101 1973 5162 re·

1138 5191 1285 5278 cessit:
1307 5191 1441 5278 flores
1464 5193 1766 5298 apparuerunt
1787 5190 1831 5274 in
1854 5200 1973 5277 terra

1138 5315 1303 5390 nostra.

1194 5413 1245 5516 ii.
1261 5413 1324 5498 br.
1336 5415 1482 5524 Elegit
1495 5443 1595 5504 eam
1603 5417 1738 5520 Deus,
1753 5419 1775 5469 *
1788 5417 1848 5503 Et
1860 5441 1972 5524 prae·

1140 5531 1274 5634 clegit
1292 5556 1400 5617 earn.
1426 5529 1584 5635 Elegit
1632 5514 1683 5619 li.
1701 5529 1756 5614 In
1771 5529 1973 5616 taberne·
