4346 6176
822 521 937 592 Festa,
961 523 1077 593 Junii.
1102 527 1178 611 (15.)

153 709 331 810 cultum,
366 735 499 818 quem
527 707 660 794 beoto
689 709 875 795 antistiti
900 734 982 794 suo
1035 735 1116 794 vos
1147 708 1290 812 audit,
1325 735 1397 796 me
1427 709 1568 810 audit:
1604 721 1649 797 et
1680 713 1754 818 qui
1785 737 1866 798 vos

152 823 206 910 ab
230 824 324 930 ejus
344 823 416 910 die
437 823 712 927 migrationis
730 823 982 931 Neapolita·
1035 822 1215 930 spernit,
1233 849 1304 909 me
1322 823 1500 931 spernit.
1527 824 1614 927 Qui
1631 835 1777 911 autem
1794 853 1866 912 me

150 941 306 1022 norum
333 962 444 1042 gens
470 961 610 1045 usque
633 960 749 1021 nunc
773 936 982 1038 attribuit,
1035 937 1214 1045 spernit,
1233 938 1403 1044 spernit
1423 961 1535 1039 eum,
1555 937 1631 1045 qui
1648 964 1719 1024 me
1737 939 1867 1025 misit

151 1076 204 1137 ex
234 1051 383 1138 Saerae
413 1051 774 1156 Congregationis
800 1051 983 1136 Rituum
1035 1049 1149 1152 Quia
1166 1049 1322 1158 procul
1336 1050 1471 1137 duibio
1485 1051 1530 1134 in
1546 1050 1764 1157 discipulo
1779 1077 1866 1138 ma·

152 1165 376 1265 consulto,
426 1163 692 1249 auctoritate
736 1162 983 1272 apostolica
1033 1167 1171 1266 gister
1188 1161 1375 1266 auditur,
1396 1176 1440 1251 et
1457 1165 1502 1248 in
1515 1163 1628 1250 Filio
1640 1164 1774 1251 Pater
1790 1165 1866 1251 ho·

152 1271 443 1379 confirmavit,
475 1303 529 1364 ae
560 1278 616 1363 de
642 1276 801 1365 eodem
827 1278 981 1363 Fortu·
1034 1279 1226 1361 noratur.
1252 1277 1409 1362 Potest
1423 1287 1467 1362 et
1485 1278 1547 1363 ita
1563 1277 1762 1383 intelligi:
1782 1279 1867 1381 Qui

151 1395 253 1479 noto
274 1391 468 1479 officium
486 1390 712 1493 recitandi,
732 1417 785 1479 ac
802 1391 982 1476 missam
1034 1414 1123 1475 non
1140 1389 1245 1476 facit
1258 1389 1606 1478 misericordiam
1623 1391 1698 1476 uni
1713 1391 1769 1478 de
1783 1392 1865 1478 fra·

152 1504 404 1590 celebrandi
427 1504 692 1608 incivitate,
721 1530 773 1590 ac
800 1502 982 1590 dioecesi
1033 1500 1175 1589 tribus
1187 1503 1299 1588 meis
1312 1503 1512 1606 minimis,
1530 1527 1613 1588 nec
1625 1502 1733 1590 mihi
1746 1502 1866 1608 facit3

151 1615 448 1728 Neapolitana
464 1623 735 1727 potestatem
752 1618 865 1704 fecit.
1037 1615 1138 1722 quia
1162 1623 1206 1701 et
1228 1616 1324 1724 ipse
1344 1641 1427 1722 pro
1446 1614 1515 1701 his
1532 1617 1721 1701 formam
1739 1618 1866 1720 servi,

197 1749 248 1850 K,
277 1741 369 1827 Iste
390 1741 562 1848 estqui,
1035 1735 1080 1814 et
1095 1731 1306 1838 pauperis
1325 1729 1525 1816 habitum
1541 1730 1731 1844 suscepi.

104 1886 109 1921 ι
198 1877 240 1946 rn
266 1879 332 1948 nr.
352 1879 553 1948 nocturno
577 1877 748 1948 nomina
773 1877 813 1946 in
829 1879 975 1966 evang.
1087 1866 1137 1968 R:-
1163 1851 1354 1961 Propter
1369 1855 1692 1938 testamentum.

151 1973 275 2043 Homo
313 1971 486 2060 peregre.
534 1975 666 2046 Lectio
706 1975 754 2045 ix.
796 1997 888 2045 vero
929 1979 976 2045 de
1322 1979 1577 2062 Lectioviii,

149 2075 200 2138 ὃς.
226 2071 318 2142 Vito
345 2081 381 2142 ct
405 2073 489 2182 Soc.
514 2071 638 2155 Mart,
670 2093 756 2142 curn
779 2093 976 2184 commem.
1120 2079 1263 2164 eversi
1292 2088 1395 2163 gunt
1419 2090 1567 2165 autem
1589 2085 1868 2187 septuaginta

150 2174 224 2238 Oct.
250 2170 286 2238 S.
313 2171 492 2256 Antonii,
524 2172 637 2239 etse.
660 2169 768 2240 Mart.
794 2193 833 2238 rn
856 2171 976 2242 Laud.
1157 2191 1246 2278 duo
1282 2216 1382 2277 cum
1425 2192 1610 2296 galidlo,
1652 2191 1867 2282 dicentes:

423 2333 592 2422 Eadem·
617 2337 714 2424 Die·
1033 2304 1234 2438 Domine,
1253 2306 1386 2439 otiam
1400 2305 1619 2437 daemonia
1635 2306 1867 2442 subjiciun-

150 2475 217 2558 ss-
374 2487 417 2560 et
444 2474 705 2682 epp
1033 2419 1502 2635 eirenem?
1516 2417 1865 2622 errores:

198 2709 338 2778 omnia
369 2711 415 2778 tle
446 2649 649 2780 Communi
677 2709 828 2796 plurim.
859 2707 978 2794 Mart,
1033 2650 1186 2844 ἔξω
1203 2645 1663 2748 n6miniChrlSfi31ed
1682 2649 1786 2780 qllia
1805 2649 1866 2734 in

149 2817 288 2894 mm,
314 2809 525 2895 sequentia.
1106 2759 1322 2893 ‚aadhuc
1342 2757 1866 2894 fide-gaudebantmvrr·

197 2913 332 2983 Oratio
357 2913 455 2982 utin
481 2913 694 2982 breviario
1032 2870 1218 3006 tophus,
1244 2873 1345 2960 Vlde
1370 2871 1478 2980 quld
1495 2872 1685 2960 at'tdlant
1728 2874 1787 2960 Et
1805 2887 1868 2962 art

199 3027 240 3094 In
273 3027 302 3096 Ι.
327 3027 527 3097 Nocturna
561 3027 766 3096 Lectiones
801 3027 847 3094 de
880 3025 978 3094 Scri·
1031 2986 1131 3071 ¹11¹&
1149 2984 1370 3074 Vldobam
1384 2988 1710 3074 satanamssicm
1723 2989 1868 3095 fulgur

149 3138 258 3206 ptura
286 3135 521 3192 occurrente.
1034 3099 1090 3186 de
1116 3102 1231 3186 coelo
1251 3101 1493 3188 cadontem.
1531 3101 1633 3186 NOn
1651 3101 1787 3188 modo
1806 3109 1866 3189 Vl'·

198 3235 242 3306 In
274 3237 321 3308 Π.
348 3239 546 3310 Nocturno
572 3239 776 3310 Lectiones
804 3241 853 3310 ir.
885 3247 921 3308 et
945 3259 978 3308 v.
1033 3213 1139 3320 deo,
1175 3215 1257 3302 Sed
1292 3216 1415 3325 prius
1446 3213 1652 3300 videbam
1687 3212 1866 3321 quando

148 3341 185 3402 nt
210 3335 248 3404 in
270 3335 385 3404 Breu.
419 3336 552 3406 Lectio
569 3337 619 3406 vi.
643 3333 979 3424 Quotiescumque.
1032 3329 1211 3413 corruit.
1251 3327 1383 3433 Quod
1401 3337 1550 3415 autem
1566 3329 1637 3430 ait,
1656 3328 1770 3415 sicut
1787 3329 1865 3414 ful-

149 3428 192 3498 oe
217 3431 436 3502 Communi·
1032 3466 1131 3547 gur,
1163 3443 1234 3528 vel
1265 3442 1542 3550 praecipitem
1574 3440 1630 3527 de
1663 3443 1865 3550 supernis

366 3589 414 3668 111
443 3589 514 3670 ΠΙ,
542 3587 765 3669 lumem-110,
1031 3554 1091 3639 ad
1115 3556 1204 3640 ima
1221 3554 1397 3665 lapsum
1415 3551 1648 3658 significae
1672 3553 1743 3641 vel
1762 3555 1865 3662 quia

151 3715 306 3804 Lectio
329 3715 717 3819 sanctiEvangolii
738 3714 979 3801 secundum
1033 3667 1229 3772 del⁶⁰m⁸
1260 3667 1405 3800 adhuc
1431 3666 1715 3772 transfigis&
1741 3692 1790 3752 Se
1819 3667 1864 3752 in

478 3828 655 3915 Lucam,
1032 3781 1252 3888 Angelum
1268 3783 1391 3869 lucrs.

223 3951 377 4036 Lectio
398 3953 468 4036 vii.
720 3955 822 4060 Cap,
838 3953 902 4036 10,
1088 3907 1139 4014 Il-
1161 3894 1310 3983 Sancti
1329 3893 1426 3981 mei.

149 4059 223 4278 Ιη
255 4071 335 4212 ill⁰
361 4077 578 4239 lemmfe‘
611 4071 736 4160 Dixit
761 4073 891 4205 Je⁸l¹⁸
919 4072 979 4159 di'
1118 4147 1196 4209 cce
1220 4121 1323 4208 dedi
1339 4020 1761 4234 llgllliopilltestotem
1779 4123 1862 4210 cal·

211 4185 397 4294 scrpuhs
415 4211 521 4272 surs.
546 4188 631 4291 Qur
649 4211 730 4272 vos
748 4185 884 4290 audrt,
908 4212 979 4272 me
1036 4128 1115 4341 E

239 4297 249 4317 .
438 4298 449 4319 .
705 4301 715 4318 .
1136 4234 1266 4323 candi
1284 4262 1419 4345 supra
1433 4243 1664 4348 serpentes
1684 4249 1728 4326 et
1746 4263 1863 4324 scor·

150 4297 285 4402 δώῃ
310 4311 355 4385 et
375 4325 452 4407 ‘1¹¹¹
468 4325 550 4386 V⁰⁵
569 4311 749 4409 Spemff’
771 4325 841 4386 ¹¹¹⁶
861 4326 979 4409 ⁸9⁶*
1031 4349 1200 4458 piones.
1243 4351 1344 4437 Hoc
1370 4363 1438 4438 est
1466 4379 1595 4440 omne
1622 4379 1761 4458 genus
1786 4351 1862 4436 im-

150 4422 223 4498 mt
249 4411 308 4497 Et
324 4413 505 4520 ‘lhqua'
1031 4462 1296 4550 mundorum
1323 4465 1557 4575 spirituum
1583 4465 1640 4552 de
1669 4465 1863 4552 obsessis

243 4573 437 4660 Homilia
455 4575 735 4663 Venerabilis
751 4576 889 4663 Bedae
997 4585 1000 4593 “
1033 4577 1295 4685 corporibus
1327 4579 1537 4687 ejiciendi
1586 4578 1796 4684 Quamvis
1820 4589 1865 4664 et

436 4687 701 4797 Presbyteri.
950 4779 953 4786 ,
1032 4689 1091 4776 ad
1120 4692 1313 4778 litteram
1345 4695 1589 4780 rectissime
1620 4691 1765 4801 possit
1794 4694 1863 4776 dc·

271 4821 353 4894 Lib.
377 4823 407 4894 3.
432 4823 471 4894 in
494 4823 584 4894 Luc.
611 4825 667 4895 10.
693 4845 775 4912 cup.
799 4825 852 4893 42.
1031 4804 1131 4913 cipi.
1169 4805 1397 4916 Siquidem
1415 4817 1460 4893 et
1477 4807 1650 4908 Paulus,
1668 4831 1695 4891 a
1711 4811 1865 4912 vipera

374 4923 492 5010 paulo
514 4931 602 4992 ante
623 4924 747 4992 finem.
1031 4918 1229 5025 invasus,
1265 4919 1372 5005 nihil
1409 4920 1584 5007 adversi
1616 4919 1782 5029 patitur
1819 4929 1865 5004 et
1999 4943 2002 4952 ’

167 5074 216 5145 p„
245 5041 304 5131 „t
336 5030 381 5114 in
413 5028 635 5118 audiendo
672 5032 878 5139 quisque,
909 5031 981 5118 vel
1032 5031 1058 5116 J
1060 5037 1237 5135 oonnes,
1261 5045 1312 5120 ut
1333 5035 1518 5121 historia
1534 5031 1682 5135 tradit,
1705 5031 1864 5119 hausto

167 5162 169 5171 ’
246 5140 248 5147 ’
303 5142 554 5253 spernendo
573 5144 801 5251 Evangelii
819 5146 980 5254 praedi·
1033 5150 1203 5232 veneno
1228 5172 1318 5233 non
1335 5147 1522 5234 laeditur.
1561 5147 1663 5234 Hoc
1681 5171 1786 5233 sane
1803 5147 1864 5231 in·

188 5268 226 5307 *f
302 5262 455 5343 catore
498 5281 589 5344 non
628 5259 739 5344 viles
784 5284 981 5367 quasque
1033 5269 1102 5345 ter
1129 5264 1373 5370 serpentes,
1400 5263 1476 5368 qui
1499 5260 1648 5364 dente,
1677 5271 1721 5346 et
1748 5284 1864 5345 scor·

152 5375 384 5476 personas,
414 5369 495 5458 sed
519 5370 759 5458 Dominum
785 5373 980 5460 Salvato·
1033 5374 1205 5481 piones,
1234 5377 1310 5481 qui
1332 5373 1473 5461 cauda
1495 5386 1673 5476 nocent,
1698 5373 1864 5460 distare

153 5505 262 5587 rem,
288 5484 379 5570 imo
403 5485 547 5593 ipsum
569 5486 747 5573 Patrem
772 5491 982 5595 spernere
1034 5487 1245 5574 arbitror:
1290 5487 1412 5594 quod
1448 5491 1676 5596 serpentes
1711 5489 1864 5594 aperte

153 5619 220 5700 se,
256 5599 327 5684 vel
358 5597 511 5686 audire
542 5598 751 5703 disceret,
784 5600 863 5687 ait:
897 5601 983 5704 Qui
1034 5603 1280 5704 saevientes,
1305 5603 1565 5711 scorpiones
1583 5601 1785 5687 clanculo
1803 5597 1864 5684 in·
