4290 6188
814 989 995 1070 Index
1036 990 1470 1094 alphabeticus
1511 959 1515 966 ¹

283 1264 424 1350 Agatha
446 1267 541 1350 Virg.
566 1275 598 1334 et
619 1265 716 1333 Mart.
740 1265 879 1333 Octava.
917 1265 1008 1350 dupl.
1049 1267 1100 1334 12.
1121 1266 1245 1334 1551·

282 1370 473 1456 Agathonis
494 1372 597 1458 Papae
619 1381 653 1440 et
675 1370 788 1440 Geni·
810 1372 901 1457 dupl.
928 1373 955 1436 1.
981 1371 1110 1438 elassis.
1150 1373 1199 1438 10.
1223 1373 1300 1440 Jan.

327 1511 370 1524 -
413 1511 458 1526 -·
502 1477 594 1564 dupl.
624 1477 705 1562 (Pro
728 1477 837 1546 Dioec.
862 1475 1056 1560 Calatanis.)
1091 1475 1263 1546 121551.

283 1580 457 1648 Anastasii
479 1581 577 1650 Mart.
613 1582 789 1668 semidupl.
827 1582 858 1648 9.
881 1580 979 1649 1551.

281 1684 471 1774 Apolloniae
493 1688 584 1772 Virg.
609 1697 642 1754 et
665 1689 761 1754 11511
800 1687 892 1773 dupl.
930 1685 961 1754 9.
984 1687 1082 1754 Febr.

283 1793 441 1859 Barbarae
463 1793 557 1874 virg.
581 1801 614 1857 et
635 1791 732 1882 Mart.
771 1791 863 1878 dupl.
900 1791 932 1859 4.
954 1791 1035 1858 Dec.
1273 1873 1275 1876 Ι

283 1897 447 1964 Bernardi
469 1917 490 1963 5
511 1895 677 1964 Corleone
701 1895 800 1964 Conf.
838 1897 1014 1984 semidupl.
1052 1893 1225 1964 151551.

282 2002 387 2070 Blasii
409 2003 519 2088 llpise.
543 2011 576 2067 et
598 1997 697 2067 Mart.
734 2001 863 2086 duplex
884 2003 1003 2088 majus.
1042 2000 1072 2067 3.
1093 2000 1190 2067 Febr.

284 2104 475 2173 Catharinae
494 2105 588 2189 Virg.
609 2105 740 2173 Bonon.
779 2105 871 2191 dupl.
907 2105 939 2172 9.
962 2105 1083 2172 Martii.

286 2210 428 2297 Claudii,
451 2210 567 2279 Sabini
589 2221 621 2277 et
642 2211 784 2278 Maximi
805 2211 902 2278 Mart.
925 2209 1014 2278 sicil.
1053 2212 1143 2296 dupl.
1179 2212 1232 2278 21.
1254 2210 1354 2278 1551.

285 2317 368 2383 llliae
389 2316 575 2403 P10phetae.
614 2316 704 2402 dupl
742 2315 919 2383 51151111.

283 2422 384 2508 Eligii
406 2422 519 2508 Epise.
542 2431 575 2488 et
597 2419 695 2490 Coni.
732 2421 824 2507 dupl.
865 2421 917 2487 ll.
937 2419 1020 2488 Dec.

282 2527 440 2613 Eustotii,
459 2528 595 2595 Proculi
618 2536 650 2595 et
671 2526 851 2596 Golbodaei
871 2527 970 2596 Mart.
1009 2527 1135 2613 duplex
1159 2529 1190 2595 2.
1214 2527 1315 2594 class.
1353 2527 1384 2594 9.
1408 2525 1491 2593 Dee.

281 2632 443 2701 Gerlandi
464 2633 577 2719 Episc.
601 2642 634 2699 et
655 2631 755 2701 Coni.
793 2633 884 2719 dupl.
923 2631 1098 2700 251551.

281 2739 410 2824 Hygini
431 2738 533 2823 Papa
554 2747 587 2804 et
609 2737 706 2806 11511.
746 2736 837 2823 dupl.
876 2740 928 2804 11.
950 2736 1049 2804 Febr.

282 2840 425 2913 Joannae
447 2843 564 2909 Mariae
586 2841 739 2909 Bonomo
762 2842 856 2926 Virg.
894 2841 984 2926 dupl.
1022 2843 1052 2908 1.
1074 2841 1197 2910 Martii.

281 2948 427 3016 Joannis
449 2948 629 3017 Marinonii
652 2946 750 3015 Geni.
789 2946 880 3031 dupl.
917 2948 948 3015 2.
968 2946 1091 3013 Martii.

281 3053 426 3121 Joannis
447 3053 595 3120 Theristi
615 3051 769 3120 Abbatis.
808 3051 899 3138 dupl.
937 3053 991 3118 26.
1012 3049 1110 3118 1551.

282 3158 410 3225 Juliani
429 3157 544 3243 Epise.
567 3165 600 3224 et
623 3154 721 3225 Cous.
757 3155 932 3242 semidupl.
956 3156 1000 3223 ad
1022 3156 1103 3223 libia
1139 3157 1192 3225 28.
1214 3158 1291 3225 Jan.

280 3263 426 3330 Leandri
447 3262 561 3347 Episc.
586 3262 716 3347 Hispal.
740 3269 772 3328 et
795 3259 892 3329 Geni.
930 3261 1022 3347 dupl.
1059 3262 1113 3330 21.
1135 3263 1233 3330 1551.

281 3367 397 3436 Mariae
411 3368 448 3434 R
463 3366 505 3434 V.
528 3366 819 3452 Desponsationis.
857 3367 948 3453 dupl.
972 3367 1092 3451 majus.
1130 3368 1183 3434 23.
1206 3368 1283 3436 Jan.

325 3509 367 3520 -
412 3509 454 3519 —
520 3472 790 3558 Exspectationis
811 3473 943 3539 Partus.
982 3472 1074 3558 dupl.
1096 3473 1215 3558 majus.
1253 3475 1303 3540 18.
1327 3472 1408 3538 Dec.

324 3615 368 3626 -
411 3615 455 3625 -
519 3578 737 3645 Immaculata
759 3575 954 3662 Conceptio.
993 3578 1087 3664 dupl.
1112 3581 1140 3645 1.
1163 3581 1261 3646 class.
1285 3596 1362 3644 eum
1386 3579 1459 3645 Oet.
1495 3578 1526 3646 8.
1549 3577 1632 3644 Dee.

280 3683 427 3751 Matthaei
449 3685 561 3770 Epise.
584 3694 616 3750 et
639 3682 738 3751 Conr.
774 3682 866 3769 dupl.
903 3681 1051 3749 51551.

279 3788 455 3856 Passionis
478 3789 521 3857 D.
544 3791 585 3858 N.
609 3791 641 3858 J.
665 3787 704 3856 G.
727 3787 912 3856 Commem.
950 3787 1042 3872 dupl.
1064 3789 1184 3875 majus.
1219 3788 1321 3855 15115
1336 3787 1396 3854 VI.
1418 3795 1495 3872 post
1517 3782 1666 3853 Cineres.

280 3895 370 3960 Petri
393 3894 435 3961 de
457 3894 630 3961 Hieremia
651 3891 750 3961 Geni.
786 3892 878 3976 dupl.
917 3893 968 3959 ll.
989 3892 1112 3961 Martii.

279 4001 467 4068 Pulcheriae
490 4001 586 4085 Virg.
607 3998 847 4085 inperatricis.
886 3997 977 4083 dupl.
1014 3998 1045 4065 6.
1067 3997 1190 4064 Martii.

281 4105 470 4174 Sebastiani
490 4105 606 4174 Valfre
628 4104 725 4174 Coni.
763 4105 855 4191 dupl.
893 4104 946 4170 30.
968 4103 1044 4170 Jan

279 4211 446 4279 Vincentii
468 4211 596 4280 Levita
618 4210 715 4278 11511.
752 4210 844 4294 dupl.
867 4207 986 4290 maius.
1023 4208 1077 4274 22.
1099 4207 1176 4274 Jan.
