4402 6190
912 509 1028 581 Festa
1055 507 1246 580 Octobris.
1272 507 1327 595 (5.)

270 713 402 795 quam
429 692 753 800 cumpluribus
778 693 920 780 Sdciis
947 719 1097 780 coram
1147 694 1262 796 dius,
1289 695 1396 780 nihil
1421 695 1627 782 humilius
1653 706 1764 784 erat:
1786 697 1978 806 pruden-

268 805 627 909 persecutoribus
645 805 875 892 confassus
892 819 971 909 est,
996 812 1095 915 pri·
1146 807 1224 909 tia,
1246 808 1479 912 gravitate,
1501 808 1804 897 misericordia
1826 812 1980 897 animi·

268 917 368 1024 prio
401 919 612 1022 sanguine
648 919 945 1006 confirmarem
978 921 1096 1030 ipso
1148 947 1234 1029 que
1258 925 1476 1029 perpetua
1505 922 1821 1030 tranquillitate
1847 951 1979 1033 supe·

268 1055 366 1116 rum
389 1031 518 1118 nobis
544 1033 858 1119 intercessione
885 1033 1095 1138 concede;
1146 1035 1274 1122 rabat
1292 1060 1456 1121 omnes.
1495 1036 1548 1120 In
1567 1035 1812 1123 divinarum
1828 1063 1981 1124 rerum

268 1151 318 1228 ut
336 1144 501 1230 animas
525 1156 701 1234 nostras
718 1158 904 1254 propter
930 1156 974 1234 te
998 1155 1093 1256 par·
1147 1148 1520 1258 contemplatione
1547 1149 1792 1257 saepissime
1817 1177 1980 1259 perno-

194 1273 199 1283 ·
268 1255 375 1343 dere
391 1283 480 1346 non
493 1257 707 1361 timentes,
726 1286 801 1346 eas
814 1259 933 1370 apud
947 1271 991 1346 te
1004 1261 1095 1348 ieli-
1147 1262 1312 1366 etabat3
1331 1261 1558 1369 paululum
1572 1262 1742 1366 sedens,
1761 1290 1981 1352 cumeum

269 1371 379 1458 citer
395 1373 589 1460 invenire
606 1379 864 1461 mereamur.
902 1375 989 1463 Per
1005 1374 1094 1461 Do·
1146 1375 1421 1462 necessarius
1454 1401 1636 1462 somnus
1667 1383 1981 1485 oppressisset.

267 1483 432 1570 minum
449 1497 659 1574 nostrum.
1146 1487 1315 1575 Silentii
1334 1493 1558 1595 praeeipua
1583 1511 1705 1594 cura3
1729 1490 1806 1576 ubi
1828 1500 1981 1578 autem

317 1633 362 1702 In
392 1631 419 1704 1.
450 1631 649 1704 Nocturno
681 1633 885 1704 Lectiones
918 1633 965 1704 de
996 1633 1094 1704 Scri·
1145 1597 1416 1708 loquendum
1435 1610 1565 1734 0⁸⁸⁵?ss
1591 1627 1736 1734 sermo
1757 1604 1900 1736 omnis
1919 1603 1980 1692 ad

266 1737 380 1818 ptura
405 1737 638 1800 occurrente.
1145 1713 1296 1801 mundi
1346 1713 1680 1824 despicientiam
1726 1716 1980 1825 Christique

1076 1929 1080 1944 ι
1145 1826 1435 1915 imitationem
1454 1826 1829 1917 accommodatus.
1863 1830 1889 1917 J
1890 1833 1978 1938 eji-

491 1889 541 1978 In
567 1885 629 1969 IL
646 1887 869 1970 N⁰⁰tuffl⁰‘
1145 1939 1264 2028 nium
1276 1966 1384 2027 vero
1398 1942 1461 2027 ita
1474 1941 1682 2046 caluitio
1694 1968 1826 2030 carne
1841 1947 1979 2030 omni·

544 2035 792 2148 ,Lecfioiio
1148 2081 1233 2162 que
1252 2057 1390 2164 apere
1407 2054 1591 2142 lactatio
1610 2055 1978 2144 totisannisabs·

396 2166 549 2253 acidus
557 2168 796 2272 Romanus,
806 2170 1009 2257 Tertullo
1020 2197 1094 2279 pa·
1145 2169 1320 2273 tinaret3
1334 2167 1980 2278 perQuadragesimamautem

204 2315 209 2326 ·
395 2289 464 2366 tre
483 2306 539 2378 ex
551 2281 823 2369 nobilissima
837 2283 1095 2371 Aniciorum
1145 2282 1276 2369 tertia
1290 2283 1531 2389 quintaque
1549 2282 1667 2388 faria,
1686 2292 1731 2370 et
1743 2284 1980 2373 Dominica

396 2392 559 2480 familia
583 2403 730 2497 natus,
756 2422 868 2504 puer
890 2396 988 2484 Deo
1018 2397 1094 2486 ob
1146 2421 1261 2504 pane
1302 2394 1531 2482 dumtaxat
1574 2395 1819 2504 frigidique
1862 2425 1980 2506 aqua

264 2504 400 2608 latus,
432 2517 476 2595 et
506 2517 662 2593 sancto
690 2507 934 2597 Benedicto
961 2509 1094 2597 tradi·
1147 2513 1397 2613 contentus,
1429 2514 1601 2597 ceteros
1635 2509 1733 2598 dies
1764 2513 1860 2599 sine
1885 2513 1980 2599 ullo

264 2625 353 2723 tus,
373 2628 545 2706 tantum
568 2645 741 2708 morum
758 2622 1026 2728 integritate,
1052 2635 1097 2711 et
1147 2624 1246 2710 cibo
1263 2621 1527 2711 traduceret
1554 2624 1719 2709 Vinum
1731 2623 1843 2712 bibit
1856 2652 1980 2712 num·

264 2733 522 2819 monasticae
542 2733 645 2819 vitae
663 2734 874 2822 institutis
896 2737 1096 2844 proiecit,
1147 2763 1291 2845 quam,
1309 2737 1498 2825 cilicium
1514 2741 1732 2847 perpetuo
1749 2740 1951 2844 gestavit

265 2853 313 2932 ut
335 2846 449 2932 inter
471 2852 724 2955 praecipuos
744 2850 835 2956 ejus
854 2849 1095 2960 discipulos
1201 2855 1253 2958 li.
1275 2852 1424 2940 Sancti
1441 2851 1516 2937 tui.

146 2999 147 3004 Ν
265 2962 580 3046 numeraretur.
618 2960 670 3046 In
689 2959 925 3049 solitudine
943 2963 1094 3052 Subla·
1456 2973 1610 3057 Lectio
1630 3001 1668 3056 v.

266 3072 387 3158 censi
413 3069 557 3158 eidem
583 3071 686 3159 divo
713 3071 975 3179 Benedicto,
1002 3077 1094 3166 fon·
1228 3088 1276 3164 ot
1319 3088 1469 3164 autem
1511 3083 1734 3184 tantisque
1770 3078 1979 3166 Placidus

264 3194 356 3272 tem
393 3184 601 3272 divinitus
635 3187 908 3296 impetranti,
945 3187 1095 3279 adfuit
1254 3191 1479 3278 miraculis
1505 3191 1786 3294 coruscabat,
1812 3201 1980 3277 utnon

264 3297 636 3386 Adolescentulus
694 3300 753 3388 ad
808 3301 1095 3392 hauriendam
1146 3306 1290 3391 solum
1305 3331 1360 3392 ex
1373 3307 1663 3409 vicinislocis‚
1683 3304 1764 3411 sed
1779 3332 1835 3392 ex
1848 3307 1979 3393 Etru·

264 3438 425 3521 aquam
447 3417 668 3518 egressus,
694 3426 738 3502 et
761 3415 806 3499 in
830 3416 975 3503 lacum
992 3445 1093 3527 pro·
1145 3419 1227 3522 ria,
1252 3429 1298 3505 et
1317 3419 1468 3506 Africa
1490 3421 1647 3525 aegroti
1669 3419 1845 3507 adeum
1864 3422 1978 3506 sani·

263 3527 431 3634 lapsus,
458 3527 656 3634 ejusdem
685 3527 827 3615 sancti
847 3530 991 3618 Patris
1017 3534 1094 3618 im·
1145 3533 1249 3619 tatis
1263 3533 1695 3621 causaconflaerent:
1711 3559 1981 3641 quamquam

263 3640 388 3747 perio
406 3665 488 3750 per
505 3640 707 3728 Maurum
723 3642 1002 3751 monachum,
1025 3671 1093 3733 su·
1137 3647 1182 3754 is
1200 3645 1257 3733 ab
1275 3647 1435 3751 insigni
1453 3645 1645 3754 quadam
1663 3647 1795 3734 animi
1807 3646 1980 3733 humili-

263 3778 344 3860 per
376 3779 514 3862 aquas
546 3755 665 3841 sicco
692 3755 809 3865 pede
836 3762 1093 3866 currentem,
1144 3765 1238 3847 tate
1254 3760 1494 3865 miraculis,
1518 3786 1617 3867 quae
1633 3761 1818 3863 faceret,
1840 3762 1978 3846 amni·

265 3865 413 3952 salvus
446 3867 706 3956 mirabiliter
741 3873 966 3974 extractus
1001 3873 1093 3961 fuit.
1144 3874 1228 3961 bus
1247 3875 1388 3962 sancti
1403 3873 1635 3962 Benedicti
1649 3899 1827 3974 nomen,
1848 3875 1979 3962 mari·

262 3982 315 4065 ln
334 3980 564 4067 Cassinum
586 3992 783 4070 montem
808 4009 907 4070 eum
923 3985 1000 4074 illo
1021 3987 1093 4074 de·
1144 3999 1278 4095 taque
1291 3988 1559 4096 protendere
1570 3989 1726 4076 salitus
1739 3999 1845 4076 erat
1864 3988 1980 4074 Cum
2144 3998 2152 4018 ·

262 4093 366 4182 inde
377 4095 568 4198 veniens,
582 4122 743 4183 annum
758 4122 893 4203 agens
907 4099 1093 4189 alterum
1144 4103 1276 4208 igitur
1293 4103 1541 4191 sanctitatis
1553 4104 1770 4212 exemplo,
1789 4113 1833 4192 et
1848 4103 1979 4188 mira-

264 4219 309 4296 et
325 4207 601 4316 vigesimum,
624 4211 811 4299 mittitur
828 4213 873 4298 in
891 4213 1093 4318 Siciliam,
1145 4215 1344 4303 culorum
1356 4217 1657 4322 magnitudine
1670 4242 1765 4303 rem
1779 4217 1980 4304 christia·

263 4334 313 4410 ut
330 4323 449 4409 bona
472 4332 517 4409 et
538 4325 864 4433 possessiones,
890 4352 999 4434 quas
1018 4356 1092 4438 pa·
1144 4355 1245 4414 nam
1272 4333 1472 4434 augeret,
1505 4331 1657 4438 quinto
1690 4355 1825 4434 anno,
1855 4343 1977 4438 post·

262 4447 332 4523 ter
364 4436 504 4544 ipsius
539 4439 806 4526 monastario
844 4441 1093 4530 Cassinansi
1146 4469 1278 4550 quam
1319 4445 1365 4529 in
1408 4445 1602 4532 Siciliam
1644 4446 1785 4549 venit,
1828 4443 1978 4532 subita

264 4549 525 4654 donaverat,
561 4551 618 4639 ab
649 4555 854 4661 improba
889 4565 1092 4663 quoram·
1144 4558 1487 4645 sarracenorum
1502 4558 1757 4666 irruptione,
1776 4584 1876 4646 cnm
1888 4558 1976 4643 Eu·-

265 4665 367 4750 dam
399 4662 644 4775 cupiditate
673 4665 941 4756 defenderet.
994 4673 1092 4775 Quo
1143 4671 1305 4780 tichio,
1328 4683 1373 4759 et
1391 4673 1622 4760 Victorino
1641 4672 1862 4775 fratribus,
1877 4672 1977 4758 Fla·

262 4779 308 4863 in
326 4778 484 4866 itinere
499 4806 599 4867 cum
613 4780 801 4888 plurima
813 4784 1093 4892 maximaque
1144 4785 1304 4892 viaque
1336 4791 1491 4873 sorore
1518 4787 1707 4892 virgine,
1737 4787 1829 4895 (qui
1859 4786 1976 4872 forte

263 4892 474 4979 miracula
495 4893 690 4996 iecisset,
714 4897 959 4985 sanctitatis
977 4899 1094 4984 fama
1144 4924 1225 5007 per
1244 4924 1322 4986 eos
1341 4899 1437 4986 dies
1460 4900 1517 4988 ad
1539 4900 1719 4986 fratrem
1736 4898 1978 4987 videndum

263 5006 549 5114 percelebris,
566 5009 816 5096 Messanam
833 5012 969 5100 venit:
993 5037 1092 5098 con·
1145 5014 1334 5128 Romam
1367 5038 1508 5121 usque
1535 5013 1866 5120 contanderant)
1890 5041 1976 5101 nec

264 5126 522 5228 structique
551 5147 642 5208 non
668 5123 800 5228 longe
828 5150 854 5209 a
884 5134 1018 5233 portu
1048 5126 1094 5211 in
1144 5152 1234 5213 non
1256 5129 1454 5231 Donato,
1481 5128 1663 5231 Fausto,
1688 5126 1976 5236 Firmatdque

263 5237 447 5342 patema
463 5235 749 5343 possessione
768 5237 984 5341 coenobio,
1001 5245 1092 5326 md·
1144 5240 1357 5344 Diacono‚
1369 5241 1685 5349 monachisque
1696 5241 1885 5347 triginta,
1898 5267 1975 5328 no

263 5347 415 5435 nachis
432 5349 612 5454 triginta
629 5354 922 5457 congregatis,
944 5359 1092 5440 mona·
1145 5362 1219 5441 ctu
1245 5355 1457 5463 psallens,
1482 5357 1526 5440 in
1554 5355 1740 5442 ecclesia
1767 5355 1977 5464 opprimi-

265 5463 421 5549 sticam
453 5462 730 5573 disciplinam
759 5465 928 5574 primus
963 5493 1015 5554 ca
1048 5469 1094 5554 in
1144 5480 1227 5556 tur.
1266 5470 1335 5556 Ex
1360 5469 1518 5577 quibus
1535 5471 1739 5558 Donatus
1764 5469 1909 5577 capite
1927 5469 1976 5554 il·

267 5577 410 5662 insula
432 5578 706 5685 propagavit.
744 5579 865 5668 Nihil
884 5605 937 5669 eo
961 5581 1093 5689 placi·
1145 5582 1232 5671 lico
1257 5609 1398 5670 caesus
1423 5592 1507 5672 est:
1529 5583 1688 5691 reliqui
1704 5594 1805 5670 ante
1823 5581 1975 5668 Mani·
