4382 6202
895 533 1009 604 Festa
1033 533 1172 603 Martii.
1196 533 1273 618 (ll.)

227 724 273 802 et
301 715 599 825 impugnetur:
633 725 684 802 ut
711 715 857 824 possit
890 714 1055 803 dicere:
1105 719 1217 804 mira
1239 718 1492 820 devotione,
1520 728 1565 805 et
1589 717 1760 807 honore
1782 744 1932 827 prose·

227 829 337 915 Cum
365 827 580 938 loquobar
607 827 710 930 illis,
739 829 1056 936 impugnobant
1107 833 1337 940 quebatur)
1375 835 1643 939 praesontem
1679 857 1811 940 opem
1843 859 1933 919 non

225 966 297 1029 me
324 945 473 1048 gratis.
519 942 670 1028 Gratis
693 941 827 1046 igitur
850 968 1053 1050 persecu·
1105 946 1243 1032 semel
1268 951 1471 1032 sensisse.
1515 945 1656 1052 Capta
1680 971 1786 1051 ergo
1812 945 1933 1050 urbe,

225 1056 394 1143 tionem
430 1056 617 1166 potitum,
663 1055 738 1162 qui
771 1055 1055 1165 impugnatur
1106 1058 1314 1146 Boubaris
1337 1085 1393 1146 ex
1415 1066 1549 1165 pacto
1570 1081 1659 1166 quo
1678 1058 1841 1145 vellent
1859 1059 1933 1145 ab·

226 1169 321 1256 sine
357 1169 556 1258 crimine:
589 1170 871 1277 impugnatur
900 1181 949 1257 ut
979 1175 1054 1256 no·
1105 1176 1170 1258 ire
1185 1173 1424 1280 permissis,
1441 1170 1744 1259 Ferdinindns
1761 1172 1934 1259 felicem

225 1283 343 1385 xius,
379 1308 479 1369 cum
508 1283 566 1368 sit
595 1281 639 1366 in
668 1281 747 1367 tali
777 1282 1055 1370 confessione
1107 1285 1351 1388 victoriam,
1372 1311 1462 1372 non
1484 1283 1586 1387 sibi,
1610 1283 1692 1370 sed
1707 1286 1806 1372 Deo
1824 1285 1934 1391 ejos-

225 1396 477 1485 laudibilis:
511 1397 792 1502 impugnotur
823 1396 952 1502 quasi
981 1423 1053 1484 ve·
1109 1422 1196 1504 que
1226 1398 1512 1485 sanctissimae
1542 1397 1675 1484 Matri
1704 1403 1934 1506 acceptam

226 1509 404 1613 noficus,
424 1508 497 1617 qui
510 1509 556 1592 in
573 1509 752 1594 nomine
765 1508 945 1594 Domini
961 1509 1053 1614 glo·
1108 1511 1316 1612 referens,
1342 1510 1507 1598 dictam
1523 1512 1765 1618 Imaginem
1786 1513 1933 1599 trium·

226 1623 381 1723 riatur,
405 1648 504 1707 cum
525 1623 669 1728 pietas
688 1621 900 1708 virtutum
918 1623 1053 1708 omni·
1105 1621 1261 1732 phonti
1285 1625 1434 1731 specie
1457 1624 1739 1712 ornatissimo
1765 1625 1933 1711 ferculo

226 1733 735 1822 umiundamentumsit.
1106 1738 1370 1844 impositam,
1382 1737 1694 1845 adTemplum,
1709 1737 1828 1846 quod
1842 1739 1934 1844 ejus

280 1854 331 1958 R.
352 1847 476 1935 Stola
491 1847 786 1955 jucunditatis.
1104 1852 1281 1936 nomine
1311 1848 1604 1936 dedicandum
1630 1860 1741 1952 erat,
1774 1850 1936 1938 deiorn‘

279 1983 321 2054 ln
345 1985 410 2056 lll.
432 1987 632 2056 Nocturno
657 1985 829 2056 Homilia
852 1989 891 2055 in
908 1987 1053 2075 Evang.
1106 1963 1237 2067 jubet
1291 1969 1342 2070 li.
1366 1962 1618 2050 Ortinfibus.

227 2075 266 2150 Si
285 2075 375 2166 quis
396 2077 515 2150 venit
540 2083 587 2154 de
611 2083 814 2154 Communi
839 2084 866 2152 1.
890 2085 988 2154 loco.
1425 2081 1577 2164 Lectio
1597 2110 1634 2162 v,

474 2233 805 2321 D1011,Masffi
1111 2183 1254 2395 Hac
1276 2188 1533 2277 celebritote
1551 2188 1761 2299 triumphi
1780 2188 1936 2278 eadem

223 2354 1053 2580 ”ustraustuurt
1107 2443 1208 2503 ,m
1227 2303 1937 2525 nm

1106 2528 1397 2616 Sacerdotum
1414 2529 1699 2636 processisse
1717 2529 1864 2634 signis,
1885 2556 1936 2616 ac

1106 2642 1353 2748 legionibus
1370 2639 1735 2749 praecedontibus‚
1754 2647 1937 2751 sequen·

1107 2766 1152 2842 te
1171 2760 1446 2888 postremum
1468 2754 1607 2859 Rege,
1630 2766 1676 2840 et
1697 2754 1937 2890 Procerum

450 2955 577 3035 11111·
606 2953 829 3036 nocturno·
1102 2867 1787 3092 lttiitolootoiot
1808 2879 1938 3088 ,iit

227 3076 538 3210 Exffiflpiffliae
552 3074 762 3207 ffiflffisflfl
781 3083 827 3159 θῒ
841 3072 1055 3204 E901⁶⁵iae
1107 3097 1335 3184 Guttorrio
1350 3096 1703 3203 Archiepiscopo
1717 3095 1935 3182 Toletano

338 3190 615 3300 Hffipalissffl
631 3190 938 3273 mmmmm
1039 3299 1044 3306 ,
1107 3208 1475 3318 asuperstitionis
1489 3207 1695 3295 sordibus
1709 3210 1851 3296 fuerat
1866 3234 1937 3295 ex·

529 3329 681 3414 Lectio
701 3331 755 3414 iv.
1106 3327 1358 3432 purgatum,
1382 3333 1428 3409 et
1445 3320 1697 3409 Christiano
1721 3321 1858 3408 cultui
1872 3348 1937 3408 re·

447 2601 604 2690 Duplex
630 2603 657 2672 1.
683 2605 833 2673 classis

281 2713 416 2784 Omnia
441 2728 482 2787 ut
507 2717 544 2784 in
567 2715 770 2786 Communi
787 2717 1054 2786 Dedicationis

226 2809 414 2880 Ecclesiae
437 2825 579 2901 praeter
601 2813 703 2884 Loct.
727 2813 773 2884 H.
797 2813 996 2884 Nocturni,

246 3462 251 3467 ·
280 3524 291 3553 ,s
316 3548 321 3557 ,
342 3470 417 3529 um
438 3440 744 3528 Ferdinondus
763 3439 986 3542 Castellae,
1011 3449 1056 3526 et
1108 3436 1319 3523 stitutum.
1358 3435 1474 3522 Tum
1495 3462 1602 3522 vero
1625 3432 1744 3523 idem
1760 3431 1936 3524 Toleto·

226 3445 566 3732 'Legionis
584 3557 698 3656 Rex,
721 3555 813 3661 qui,
837 3553 896 3640 ob
920 3554 1054 3638 virto-
1106 3576 1189 3636 nus
1215 3549 1399 3653 Praesul,
1424 3549 1684 3653 Ecclesiam,
1711 3549 1936 3657 praesinti·

235 3674 236 3677 ‘
358 3667 780 3776 tumpraestantiam
793 3667 943 3752 Sancti
955 3691 1055 3771 cog·
1106 3662 1190 3750 bus
1233 3664 1490 3774 Episcopis,
1544 3673 1589 3748 et
1632 3662 1937 3747 innumerabili
1982 3746 1983 3753 ι

226 3786 388 3868 nomen
413 3790 482 3868 est
504 3779 710 3888 adeptus,
733 3803 939 3882 magnam
955 3779 1054 3863 Boe·
1106 3774 1376 3886 populorum
1410 3775 1710 3877 multitudine,
1751 3774 1935 3860 solomni

227 3893 329 3981 ticae
350 3904 527 4005 partem
543 3895 589 3978 in
607 3919 732 3978 suam
756 3891 969 3978 ditionem
991 3917 1056 3976 re·
1109 3890 1390 3993 caeremonia,
1407 3891 1506 3976 Deo
1525 3889 1569 3974 in
1588 3887 1775 3990 utillum,
1798 3898 1843 3974 et
1858 3886 1936 3975 ho·

228 4011 435 4115 cepisset,
458 4007 678 4114 Hispalim
700 4007 792 4112 ejus
810 4004 1056 4090 Provinciae
1106 4007 1261 4088 norem
1282 4004 1557 4088 Beatissimae
1575 4000 1769 4107 Virginis
1784 4000 1936 4088 Mariae

228 4121 479 4229 Principem
507 4120 666 4206 urbem
694 4120 865 4224 magnis
894 4143 951 4206 ex
979 4119 1055 4204 Hi·
1107 4112 1341 4202 dedicovit.
1368 4116 1500 4222 Cujus
1514 4113 1811 4202 venerandam
1823 4113 1935 4226 Imo-

229 4235 383 4341 spania
416 4234 510 4321 iere
552 4233 783 4321 nobilitate
817 4232 1056 4319 contractis
1107 4229 1253 4335 ginem
1278 4254 1378 4314 cum
1395 4230 1543 4315 multis
1560 4228 1822 4315 Sanctorum
1840 4229 1936 4313 reli-

229 4349 370 4456 copiis
394 4346 585 4450 obsedit,
610 4346 669 4433 ad
693 4373 792 4434 eam
814 4345 1055 4454 expeditio·
1108 4341 1223 4449 quiis
1241 4338 1406 4429 ibidem
1424 4342 1524 4429 Rex
1541 4342 1697 4452 reponi
1713 4341 1893 4428 curavit.

228 4485 330 4546 nem
347 4486 428 4568 per
441 4461 657 4547 visionem
674 4471 867 4546 asancto
881 4458 1057 4547 Isidoro
1160 4461 1210 4566 R.
1238 4456 1276 4542 Ο
1296 4482 1428 4565 quam
1445 4455 1705 4544 metuendus
1723 4465 1802 4542 est.

229 4576 293 4679 (ut
310 4575 462 4678 fertur)
480 4575 699 4660 incitotus.
739 4572 871 4677 Quod
888 4573 1057 4659 scilicet
1409 4577 1561 4659 Lectio
1581 4575 1633 4656 vi.

230 4689 531 4774 sanctissimus
556 4686 726 4771 Praesul
757 4711 881 4771 suam
908 4686 1081 4787 Eccle·¹
1186 4680 1316 4789 diocit
1333 4709 1440 4769 mox
1462 4684 1654 4768 inimum
1670 4683 1770 4767 Rex
1787 4679 1846 4766 ad
1864 4707 1936 4768 res

229 4801 339 4886 siam
355 4807 424 4888 tot
442 4800 616 4886 essenus
630 4802 715 4906 jam
732 4800 789 4886 ab
807 4797 1057 4885 infidelibus
1221 4821 1349 4881 novae
1363 4797 1576 4883 Ecclosiae
1589 4820 1670 4904 per
1684 4794 1937 4902 Philippum

228 4914 505 5021 profanatam
535 4913 710 4999 Christo
742 4909 1057 4999 restituendam
1107 4908 1245 4994 lilium
1260 4909 1448 4994 eloctum
1459 4906 1935 5015 Archiepiscopumor-
1979 4948 1985 4987 t

229 5032 413 5114 curaret
454 5027 685 5114 Constanti
707 5027 841 5112 otiam
857 5023 1055 5111 traditio·
1108 5021 1342 5125 dinondas,
1376 5023 1579 5108 institoto
1615 5021 1936 5108 Canonicorum

228 5166 284 5228 ne
297 5145 527 5250 receptum
541 5151 620 5244 est,
638 5140 760 5249 pium
774 5141 945 5246 Regem
958 5163 1058 5224 cum
1108 5161 1208 5221 cum
1241 5134 1518 5238 Praebendis‚
1555 5145 1600 5221 et
1633 5134 1934 5240 Dignitatibus

228 5255 354 5357 olias,
390 5265 485 5340 tum
514 5255 561 5340 in
595 5279 649 5340 eo
680 5253 817 5355 bello,
850 5253 1057 5358 Deiparae
1108 5247 1429 5335 honestissimis
1446 5247 1719 5334 nobilissimo
1734 5247 1934 5352 collegio:

228 5367 422 5474 Virginis
445 5369 584 5473 (cujus
601 5392 775 5453 sacram
792 5363 1057 5453 venerandae
1108 5363 1179 5449 cui
1201 5387 1257 5447 ex
1279 5363 1399 5467 regia
1418 5360 1681 5449 liberalitate
1704 5360 1815 5465 largi
1837 5385 1935 5446 cen·

228 5482 471 5588 majestatis
494 5480 751 5584 Imaginem,
778 5485 1057 5585 quocomque
1108 5499 1182 5562 sus
1218 5500 1320 5561 cum
1349 5475 1498 5562 multis
1528 5473 1833 5582 praerogativis
1866 5497 1935 5558 ac·

227 5594 323 5698 ieet,
338 5595 387 5680 in
403 5593 601 5682 exorcitu
615 5617 767 5680 secum
786 5590 988 5694 ducebat,
1006 5615 1060 5678 ac
1109 5591 1295 5678 cessere.
1335 5589 1468 5696 Cujus
1485 5587 1721 5694 religionis,
1738 5613 1791 5674 ac
1807 5587 1934 5692 largi·
