4290 6188
986 492 1101 588 Festa
1124 491 1263 562 Martii.
1288 492 1343 574 (2.)
1455 553 1457 560 s

307 703 442 796 tuum,
465 719 547 802 per
565 691 786 778 assiduam
805 693 1029 778 Passionis
1048 703 1136 779 tuae
1190 691 1316 778 duxit
1339 703 1430 779 tarn
1458 702 1642 795 castam,
1671 703 1717 778 et
1743 692 1862 778 omni
1882 693 2005 778 virtri-

308 806 745 915 contemplationem‚
776 807 1043 893 imitatorem
1073 808 1138 892 tui
1188 816 1282 892 tum
1305 810 1468 911 genere
1485 806 1787 910 exercitatam,
1812 817 1862 893 ut
1879 831 1905 891 a
1920 831 2005 892 san·

308 919 514 1006 eximimn
550 919 753 1006 effecisti:
790 921 929 1029 ipsius
966 924 1135 1028 quasu·
1189 930 1262 1008 cto
1282 920 1489 1028 Cajetano
1510 920 1705 1026 Angelus
1729 921 1774 1004 in
1799 945 1943 1022 came,
1967 929 2006 1005 ct

307 1058 405 1118 mus
418 1033 732 1119 intercessione
746 1032 1137 1141 concede3utejr'rs-
1190 1059 1216 1117 a
1259 1044 1413 1120 sancto
1455 1033 1635 1120 Andrea
1669 1034 1875 1122 Avellino
1917 1034 2007 1117 viva

308 1143 410 1234 dem
437 1145 633 1251 vestigiis
660 1146 942 1248 inhaerentes,
969 1146 1137 1255 passio·
1188 1148 1335 1254 imago
1354 1172 1472 1234 verae
1491 1148 1738 1235 sanctitatis
1758 1148 1982 1235 diceretur.

307 1259 374 1344 nis
409 1270 500 1345 tuae
533 1258 701 1346 fructus
730 1265 963 1368 percipere
992 1259 1136 1346 valea·
1245 1255 1298 1356 li·
1318 1261 1566 1348 Honestum
1583 1260 1698 1348 fecit.

307 1400 416 1459 mus.
443 1372 528 1476 Qui
545 1373 657 1459 vivis
675 1383 720 1459 et
739 1398 907 1490 regnas.
971 1431 974 1436 -
1502 1369 1655 1456 Lectio
1675 1401 1713 1456 v.

364 1479 412 1548 Et
435 1477 477 1548 fit
500 1496 697 1548 001111112111·
721 1475 752 1546 F
755 1497 856 1605 eflae·
1293 1489 1424 1575 ritate
1453 1513 1558 1594 erga
1587 1489 1858 1598 proximum,
1888 1498 2008 1582 Pater

360 1591 404 1662 In
426 1592 453 1662 l..
468 1591 505 1662 N
508 1597 668 1703 octurno
685 1590 889 1662 Lectiones
908 1592 1049 1673 Beatus
1064 1601 1135 1675 vir.
1291 1608 1547 1710 pauperum,
1569 1612 1615 1688 et
1635 1605 1833 1708 Angelus
1851 1610 2008 1694 consilii

293 1689 359 1808 ,de
384 1689 597 1760 Communi.
892 1802 895 1810 ,
1189 1742 1242 1802 ac
1263 1715 1387 1824 pacis
1409 1715 1498 1801 dici
1518 1719 1719 1825 poterat..
1750 1720 1804 1804 In
1828 1723 2007 1808 reficien-

542 1811 592 1894 111
615 1811 667 1893 11.
690 1811 914 1894 Nocturno.
1189 1829 1258 1914 dis
1284 1830 1401 1915 enim
1424 1831 1589 1934 egenis,
1616 1840 1661 1917 et
1683 1833 1880 1920 visendis
1906 1837 2008 1920 intir-

612 1934 766 2020 Lectio
785 1934 839 2018 iv.
1187 1943 1287 2044 mis,
1309 1943 1451 2049 iisque
1475 1942 1653 2031 assidue
1675 1945 1720 2029 in
1737 1948 1928 2052 publicis
1943 1975 2008 2035 no·

326 2092 354 2237 ἰ
380 2116 398 2187 4
418 2060 584 2188 oannes
605 2055 876 2188 Marinonius
901 2079 956 2140 ex
978 2053 1138 2140 illustri
1190 2056 1398 2189 socomiis
1422 2065 1522 2188 turn
1542 2057 1733 2166 Neapoli
1756 2085 1858 2146 cum
1878 2061 2007 2148 Vene-

312 2192 353 2293 ᾧ
383 2176 409 2289 Ξἱ
434 2170 597 2255 famiha
615 2168 815 2256 Venetus
833 2177 977 2268 natus,
999 2169 1137 2254 Cano·
1188 2177 1261 2254 tns
1289 2167 1566 2276 adjuvandrs,
1597 2175 1795 2277 patemae
1829 2174 2009 2262 ostendit

322 2298 353 2318 ““
434 2284 558 2369 nicus
603 2284 686 2369 fuit
720 2283 765 2366 in
800 2280 964 2367 celebri
998 2282 1138 2368 sancti
1188 2287 1360 2368 viscera
1374 2282 1702 2370 misericordiae.
1724 2285 1936 2396 Spiritum
1948 2315 2008 2374 ve·

306 2398 445 2485 Marci
456 2397 656 2498 Basilica,
675 2396 751 2484 ubi
768 2421 857 2481 non
869 2421 1013 2504 pauca
1025 2399 1136 2503 pra·
1187 2420 1239 2481 ro
1265 2396 1434 2482 consilii
1459 2396 1655 2483 ostendit
1678 2401 1871 2487 maxime
1895 2404 1938 2486 in
1953 2428 2006 2487 re·

304 2512 406 2599 buit·
420 2511 632 2598 virtutum
649 2509 863 2619 exempla.
894 2508 984 2597 Sed
1002 2507 1138 2596 divini
1188 2509 1342 2614 gendis
1366 2520 1461 2595 tum
1484 2510 1701 2618 religiosis
1724 2515 1836 2618 suis,
1863 2516 2008 2622 quibus

171 2697 176 2713 .
308 2626 470 2712 amoris
502 2635 616 2710 aestu
652 2624 710 2711 ad
742 2625 910 2729 majora
940 2627 1137 2725 vocatus,
1187 2623 1338 2731 plures
1359 2649 1444 2733 per
1465 2650 1606 2710 annos
1622 2629 1822 2735 praeesse
1841 2633 2008 2716 coactus

305 2739 543 2848 perfectius
556 2739 661 2824 vitae
678 2739 926 2824 institutum
941 2735 1024 2824 sibi
1037 2761 1136 2845 pro·
1189 2748 1267 2839 est,
1286 2747 1380 2822 tum
1396 2737 1597 2845 pluribus
1615 2742 2009 2828 sanctimonialibus

307 2853 468 2962 posuit
510 2852 661 2939 Motus
679 2853 795 2937 enim
820 2851 935 2936 lama
959 2854 1136 2935 nascen·
1188 2849 1373 2958 aliisque
1409 2850 1711 2960 spiritualibus
1744 2854 1868 2959 liliis,
1908 2857 2010 2942 inter

305 2969 364 3054 tis
382 2977 487 3053 tunc
507 2961 686 3050 Ordinis
705 2964 975 3050 Clericorum
993 2964 1136 3068 Regu·
1190 2989 1301 3071 quos
1324 2966 1574 3073 praesertim
1597 2966 1679 3052 fuit
1698 2967 1944 3054 Cardinalis
1960 2968 2008 3054 de

306 3080 464 3165 larium
496 3076 832 3178 Theatinorum‚
871 3077 1137 3184 provolutus
1188 3079 1387 3180 Arretio,
1432 3079 1554 3185 cujus
1597 3077 1799 3192 heroicas
1836 3083 2009 3168 virtutes

307 3193 495 3300 pedibus
535 3191 675 3277 sancti
710 3190 905 3296 Cajetani
941 3192 1138 3299 ejusdem
1186 3193 1272 3300 jam
1295 3191 1434 3278 Sedes
1459 3191 1721 3301 Apostolica
1744 3196 2008 3304 approbavit,

308 3305 473 3426 ordinis
495 3305 776 3406 institutoris,
801 3304 856 3391 ab
880 3306 979 3412 ipso
1001 3305 1137 3414 impe·
1188 3331 1240 3418 ac
1292 3317 1470 3392 sanctus
1523 3305 1726 3393 Andreas
1780 3309 2008 3410 Avellinus

253 3503 255 3530 Γ
306 3419 456 3524 travit,
488 3429 537 3504 ut
564 3443 669 3503 suos
694 3418 809 3503 inter
835 3417 1037 3505 alumnos
1065 3445 1135 3505 co·
1190 3445 1320 3527 quem
1338 3420 1544 3506 universa
1561 3425 1797 3508 veneratur
1809 3423 2009 3510 Ecclesia

253 3580 254 3608 ι
306 3537 546 3641 optaretur.
572 3531 836 3619 Incredibile
850 3543 998 3617 autern
1016 3533 1138 3619 dictu
1188 3533 1261 3618 Ad
1292 3558 1448 3642 pacem
1479 3533 1647 3621 hortari
1680 3536 1907 3645 principes
1940 3561 2009 3643 per

307 3659 385 3750 est,
406 3655 569 3758 quanta
582 3645 715 3732 animi
731 3645 959 3732 alacritate
973 3671 1138 3733 novum
1187 3646 1357 3733 litteras
1373 3648 1629 3750 conabatur,
1648 3673 1748 3734 cum
1763 3649 1931 3752 bellum
1942 3653 2008 3734 im-

306 3760 393 3847 hoc
423 3760 528 3846 vitae
562 3784 702 3864 genus
738 3758 966 3866 amplexus
997 3758 1137 3847 faerit
1187 3762 1356 3847 minens
1388 3761 1623 3848 videretur.
1674 3762 1839 3848 Pacem
1869 3765 2007 3848 initam

306 3876 358 3958 In
373 3872 663 3961 observandis
680 3873 869 3960 instituti
885 3873 1057 3979 legibus
1076 3873 1136 3959 di·
1187 3880 1579 3988 praecognoscens,
1614 3875 1882 3985 prophetico
1914 3899 2006 3984 quo·

306 3987 630 4093 ligentissimus,
650 3987 838 4074 orationi
854 3993 1062 4075 continuo
1076 3989 1136 4074 in·
1188 3989 1290 4075 dam
1322 3988 1478 4097 spiritu
1514 3987 1822 4076 concionando
1860 4015 2006 4076 annun·

305 4106 468 4204 tentus,
490 4100 644 4201 cilicio,
663 4102 847 4209 iejuniis,
864 4101 1025 4208 vigiliis
1044 4129 1136 4190 cor·
1187 4103 1331 4206 tiavit,
1375 4114 1430 4190 ut
1456 4103 1672 4213 populum
1707 4104 2007 4191 consolaretur.

306 4241 392 4324 pus
410 4218 620 4302 exercens
645 4242 788 4320 suum,
814 4217 1065 4326 exemplum
1089 4244 1137 4304 se
1188 4217 1349 4302 Pacem
1363 4242 1542 4326 quoque
1558 4215 1714 4302 afferre
1728 4217 1919 4304 turbatis
1932 4213 2005 4324 spi-

308 4328 511 4415 omnibus
535 4329 727 4437 praebuit
741 4354 846 4416 vere
871 4332 1137 4436 evangelicae
1187 4330 1353 4433 ritibus,
1373 4340 1417 4417 et
1431 4330 1571 4414 anxiis
1591 4329 1871 4417 conscientiis
1888 4351 2005 4438 pecu·

305 4443 600 4552 perfectionis.
637 4443 1136 4554 Contemplationiprae·
1188 4443 1294 4529 liare
1317 4443 1398 4530 luit
1421 4445 1512 4551 ejus
1538 4440 1720 4546 donum,
1746 4443 1871 4551 quod
1887 4439 2004 4528 mari·

306 4557 459 4643 sertim
489 4557 735 4644 Dominicae
761 4559 999 4644 Passionis·
1017 4556 1136 4644 addi·
1188 4583 1258 4642 me
1277 4557 1453 4659 effulsit,
1477 4583 1578 4642 cum
1600 4556 1891 4644 morientibus
1908 4579 2002 4664 prae·

158 4659 170 4682 '
308 4681 404 4757 ctus
430 4680 600 4758 tantam
625 4669 729 4759 inde
751 4672 898 4758 hausit
921 4673 1136 4759 humilita·
1189 4681 1259 4757 sto
1279 4681 1406 4756 esset.

305 4795 412 4888 tem,
437 4796 487 4872 ut
504 4786 763 4873 vilissimum
784 4813 833 4874 se
854 4791 1138 4896 peccatorem
1240 4774 1293 4879 ll·
1316 4785 1497 4871 Amavit
1515 4809 1626 4905 eum.
1697 4888 1705 4904 ·

307 4925 456 4986 coram
470 4900 568 4986 Deo
586 4910 633 4986 et
650 4900 899 4988 hominibus
911 4901 1138 5009 profitens,
1492 4885 1645 4971 1200110
1666 4915 1718 4970 vl·

307 5040 407 5099 cum
452 5013 651 5102 oblatum
686 5013 771 5102 sibi
805 5013 1070 5120 intelligeret
1111 5043 1137 5101 a
1188 4989 1324 5206 Pro
1347 5014 1517 5100 honore
1533 5013 1618 5099 Dei
1640 5014 1706 5098 vir
1730 5013 1836 5101 licet
1859 5008 2001 5106 suevis,

304 5129 521 5215 Pontifice
551 5128 690 5215 Paulo
724 5140 882 5236 quarto
909 5127 1137 5237 Archiepi·
1296 5127 1494 5231 emitis,
1518 5127 1616 5214 zelo
1641 5127 1805 5213 exarsit
1829 5123 2000 5210 maxime

306 5246 542 5352 scopatum
553 5242 906 5350 Neapolitanum,
918 5241 1136 5351 precibus,
1186 5242 1232 5326 in
1266 5242 1592 5327 Haereticorum
1634 5240 1859 5329 erroribus
1892 5233 1999 5324 etin

306 5365 352 5442 et
374 5356 566 5442 lacrimis
590 5356 911 5466 imploraverit,
934 5381 990 5441 ne
1014 5363 1138 5442 tanta
1188 5355 1337 5441 saeculi
1356 5354 1472 5442 vitiis
1493 5355 1810 5464 expugnandis.
1847 5348 1999 5438 Pluries

307 5468 392 5557 sibi
409 5468 600 5575 dignitas
619 5470 901 5557 conferretur.
933 5470 1050 5556 Hinc
1068 5494 1136 5554 so·
1186 5471 1231 5553 in
1257 5468 1538 5556 hebdomada
1569 5467 1628 5556 ad
1658 5468 1890 5578 populum,
1917 5461 1997 5571 pla·

306 5583 398 5668 lum
416 5585 626 5690 cogitans,
644 5608 743 5690 quae
762 5585 847 5670 Dei
864 5596 982 5688 sunt,
1002 5584 1138 5670 vitam
1187 5585 1275 5669 ries
1304 5584 1349 5668 in
1380 5581 1451 5671 die
1483 5581 1541 5670 ad
1570 5582 1803 5689 religiosos
1828 5605 1926 5668 suos
1949 5571 1996 5659 de
