4346 6176
875 515 991 584 Festa
1015 514 1039 583 J
1042 514 1121 584 uiii.
1144 515 1223 601 (29.)

491 703 646 786 Lectio
665 702 720 784 vi.
1020 705 1029 726 '
1075 699 1190 784 ciam
1203 698 1465 806 perdidisse.
1482 699 1619 787 Venit
1630 699 1909 787 satisfactura

182 805 287 1016 Et
305 811 374 894 vir
392 813 484 918 eius
501 810 702 897 laudavit
720 834 829 896 eam
859 811 1023 914 Multae,
1073 812 1192 915 Deo,
1223 837 1312 899 non
1343 811 1510 898 hemini
1539 810 1774 919 placitura,
1808 839 1909 898 cum

306 921 468 1029 inquit,
503 922 607 1008 ffliae
637 924 839 1008 fecerunt
867 927 1022 1031 poten·
1075 925 1210 1010 venit:
1241 925 1362 1010 venit
1388 924 1569 1032 pietetis
1594 923 1688 1028 illa,
1718 950 1809 1010 non
1834 951 1909 1011 vo·

178 1036 305 1120 tiam.
358 1035 536 1122 Laudes
568 1046 692 1134 sunt,
729 1036 889 1143 quibus
926 1063 1025 1122 eam
1074 1036 1258 1144 luptetis
1273 1035 1522 1122 exhibitura
1537 1035 1797 1124 convivium
1824 1039 1910 1122 De·

179 1147 422 1235 laudatvir
436 1150 541 1255 ejus.
567 1150 677 1251 Quae
694 1148 823 1234 filiae?
853 1149 1023 1253 Quibus
1074 1147 1208 1256 nique
1221 1159 1267 1235 et
1275 1150 1549 1257 poenitentiae
1562 1149 1691 1257 ponit
1702 1175 1910 1254 mensam,

178 1259 286 1348 haec
313 1260 622 1369 comparetur?
665 1261 771 1347 Non
797 1266 1024 1370 compare·
1073 1262 1242 1347 fercula
1255 1261 1611 1370 compunctionis
1625 1263 1909 1370 appenitpa·

180 1385 271 1458 tur.
315 1375 386 1458 Tu
416 1383 566 1459 autem
593 1376 826 1481 superesti.
870 1377 1024 1460 Atten-
1074 1398 1177 1459 nem
1193 1373 1361 1460 doleris
1379 1375 1521 1478 infert,
1539 1385 1699 1483 potum
1718 1375 1911 1461 lecrimis

181 1485 292 1586 dite,
309 1511 422 1591 rogo
441 1511 540 1573 vos:
556 1489 644 1593 jam
661 1488 706 1570 in
720 1486 808 1572 fine
821 1486 1024 1573 lectidnis
1074 1489 1295 1595 temperat
1321 1489 1366 1572 in
1392 1495 1618 1590 mensura,
1648 1498 1694 1573 et
1719 1486 1779 1573 ad
1806 1484 1910 1573 deli·

182 1625 351 1684 sumus.
401 1599 555 1687 Multae
581 1599 685 1684 filiae
718 1600 916 1686 fecerunt
946 1625 1023 1706 po·
1076 1601 1167 1685 cias
1198 1601 1390 1687 Deitetis
1421 1610 1560 1703 totas,
1591 1611 1733 1687 totam
1763 1599 1912 1706 pulsat

182 1713 362 1814 tentius,
377 1711 530 1798 multae
548 1713 713 1800 locutae
731 1722 834 1797 sunt
851 1711 1024 1815 linguis,
1076 1713 1227 1799 cordis
1251 1713 1321 1798 sui
1352 1723 1397 1799 et
1426 1713 1628 1821 cerporis
1659 1712 1911 1822 symphoni-

183 1823 383 1909 scienmt
410 1825 559 1909 omnia
587 1828 880 1926 sacramenta,
913 1824 1024 1909 fece·
1076 1851 1158 1926 am,
1177 1828 1331 1931 organi
1345 1827 1551 1934 planctus
1569 1825 1646 1913 dat
1660 1826 1911 1928 clamorem,

182 1945 290 2022 runt
308 1937 496 2022 virtutes
513 1937 689 2038 multas,
713 1937 934 2023 daemdnia
952 1963 1024 2022 ex·
1076 1937 1291 2024 citharam
1306 1963 1389 2046 per
1405 1938 1593 2045 suspiria
1612 1938 1745 2042 longa
1757 1938 1911 2024 modu·

183 2047 424 2150 cluserunt,
442 2074 514 2134 res
532 2076 636 2136 suas
653 2043 924 2159 pauperibus
938 2051 1024 2137 dis·
1075 2051 1206 2154 letum,
1224 2053 1414 2156 gemitus
1432 2063 1557 2160 aptat
1573 2051 1619 2135 in
1636 2051 1848 2137 fistulam:
1867 2061 1913 2138 et

183 2160 456 2264 tribuerunt,
501 2165 691 2270 cerpora
736 2191 815 2249 sua
850 2163 1025 2268 ignibus
1076 2163 1183 2248 dum
1222 2175 1382 2272 pectus
1416 2164 1561 2272 ipsam
1598 2163 1913 2249 conscientiam

183 2273 482 2362 tradidenmte
505 2276 670 2363 inflatae
689 2287 805 2377 sunt,
830 2277 933 2384 quia
956 2302 1024 2362 ca·
1077 2280 1266 2382 drguens
1283 2301 1406 2384 saepe
1423 2277 1631 2384 pereutit,
1654 2276 1760 2362 facit
1778 2276 1912 2383 placi·

183 2387 366 2474 ritetem
384 2413 474 2474 non
490 2388 750 2476 habuerunt.
788 2389 859 2474 Tu
876 2398 1025 2474 autem
1075 2396 1176 2476 tura
1186 2389 1285 2474 Deo
1301 2388 1506 2496 cymbala
1517 2392 1776 2497 personare:
1790 2386 1912 2474 dum·

184 2501 426 2607 superasti,
452 2511 497 2588 et
514 2501 840 2610 superposuisti
860 2527 1024 2603 omnes,
1078 2526 1164 2607 que
1186 2501 1337 2588 teliter
1359 2508 1569 2611 appertat
1594 2500 1753 2587 divinis
1773 2499 1912 2586 deuiis

184 2637 279 2697 non
298 2612 443 2699 solum
461 2615 583 2716 flore,
602 2612 684 2700 sed
702 2623 747 2700 et
764 2614 911 2700 fructu
929 2618 1024 2720 gre·
1076 2613 1221 2715 cibos,
1257 2625 1376 2701 totas
1407 2613 1725 2701 misericerdiae
1757 2612 1912 2718 cepias

184 2723 292 2810 vida
312 2723 554 2812 abendans
584 2727 702 2813 Date
718 2726 782 2810 illi
801 2727 858 2812 de
875 2726 1024 2811 fructi·
1076 2727 1142 2812 sic
1167 2732 1380 2834 reportat

184 2835 274 2920 bus
295 2842 505 2925 menuum
527 2843 718 2925 suerum
758 2837 876 2941 Quid
897 2837 1024 2924 date?
1132 2849 1184 2952 ip.
1207 2840 1270 2925 Os
1289 2865 1429 2925 suum.
1570 2901 1577 2912 .

184 2948 351 3037 Venite
381 2950 606 3038 benedicti
630 2953 775 3038 Patris
805 2951 904 3036 mei
955 2952 1026 3037 De
1368 2955 1522 3039 Lectio
1540 2951 1626 3034 viii.

187 3062 351 3168 quibus
393 3064 609 3151 fructibus
653 3070 862 3151 menuum
906 3061 1026 3170 ejus?
1159 3090 1237 3152 cce
1256 3066 1423 3166 mulier,
1444 3090 1544 3172 quae
1562 3073 1658 3149 erat
1675 3063 1720 3146 in
1733 3063 1912 3150 civitete

185 3175 364 3260 Esurivi
383 3177 512 3280 enim,
538 3189 583 3264 et
601 3176 766 3264 dedisti
783 3177 889 3262 mihi
906 3202 1024 3262 man·
1184 3179 1422 3285 peccatrix.
1448 3177 1701 3281 Exaggerat
1714 3177 1911 3282 Evange-

186 3287 366 3375 ducdre.
405 3291 463 3375 Et
487 3289 610 3398 quod
630 3290 694 3374 illi
712 3289 873 3376 deinde
892 3293 1023 3394 nege·
1076 3291 1178 3377 lista
1199 3291 1396 3377 mulieris
1422 3291 1609 3392 fdcinus,
1636 3299 1685 3374 ut
1709 3295 1912 3375 acerimu-

185 3403 301 3487 tium
318 3403 413 3506 erit,
430 3402 567 3489 finitis
583 3401 837 3490 laboribus?
862 3402 921 3489 Et
933 3400 1024 3486 lau·
1075 3405 1137 3489 let
1161 3403 1480 3509 indulgentiam
1504 3402 1739 3506 largitoris.
1778 3403 1831 3484 In
1854 3403 1912 3486 ci·

186 3514 321 3600 detur
342 3515 388 3599 in
411 3517 555 3624 portis
579 3517 646 3602 vir
671 3519 774 3622 ejus.
815 3517 920 3623 Ipse
944 3515 1027 3601 erit
1076 3517 1213 3603 vitate
1239 3521 1522 3623 pecceverat,
1555 3514 1657 3622 quia
1689 3513 1806 3598 fama
1832 3539 1912 3599 sua
2079 3593 2085 3602 .

186 3639 347 3734 portus
364 3627 568 3714 labdrum
585 3633 854 3731 nostrorum,
873 3626 1025 3713 videre
1075 3630 1237 3713 famam
1276 3633 1415 3715 totius
1455 3631 1661 3733 tetigerat
1700 3626 1912 3728 civitetis3

187 3741 344 3844 Deum,
362 3738 545 3826 laudere
561 3741 718 3826 Deum.
1076 3741 1230 3848 sicque
1260 3743 1346 3847 jam
1376 3765 1466 3826 non
1499 3737 1725 3847 peccatrix
1756 3737 1912 3838 solum,

245 3851 300 3954 Re
319 3851 474 3939 Fallax
490 3855 642 3958 gratia
1076 3853 1155 3940 sed
1174 3853 1316 3962 ipsius
1340 3851 1532 3938 civitetis
1549 3852 1666 3935 facta
1685 3849 1829 3934 fuerat
1847 3849 1910 3955 ip·

412 4016 462 4096 In
485 4017 558 4096 m·
585 4017 811 4098 Nodum·
1076 3993 1126 4098 sa
1142 3972 1390 4100 peccatum.
1417 3961 1770 4096 Haeccognnevit,
1789 3959 1912 4067 quod

1075 4077 1914 4391 ΜΞΞΒΞΞΞΞΞΞἬΞΞΞΞΞΞΞΞ

386 4383 394 4398 .
477 4382 502 4398 ..
1076 4326 1613 4410 vneraaorcpecc
1747 4324 1894 4402 ;eu

272 4381 425 4523 LPCUO
445 4408 516 4462 ‘⁷¹¹‘
607 4535 615 4554 .
795 4379 900 4482 Gap·
914 4377 950 4456 7·
1077 4417 1302 4550 cognovit,
1329 4417 1432 4525 quia
1455 4412 1738 4545 accumberet
1761 4411 1912 4498 Domi-

186 4493 268 4708 Ifl
293 4505 369 4635 ¹l,l⁰
397 4508 615 4610 tempme·
637 4499 851 4639 ‚R‘JBabat
873 4499 1026 4584 Jesum
1076 4557 1159 4616 nus
1173 4560 1218 4615 m
1234 4531 1368 4617 domo
1384 4527 1602 4635 phausaeu
1621 4551 1711 4611 non
1725 4522 1783 4609 ad
1797 4533 1912 4608 stan-

256 4614 764 4748 qmdamdephansaem,
783 4623 832 4697 ut
845 4611 1024 4697 manda·
1076 4653 1183 4746 tem,
1214 4668 1305 4729 non
1337 4642 1395 4727 ad
1424 4637 1652 4725 sedentem
1679 4633 1814 4720 audet
1840 4659 1911 4719 vc·

187 4733 314 4861 ⁰⁶¹0ss
323 4727 520 4866 ⁰¹}P111J0·
537 4729 597 4870 ‚Et
609 4722 1025 4858 ¹Pg¹⁶⁵⁸¹¹⁵‚d⁰mum
1077 4758 1170 4840 nire
1185 4752 1425 4862 peccatrix.
1451 4753 1575 4837 Deus
1589 4772 1690 4835 cum
1704 4757 1803 4849 stat,
1816 4750 1911 4830 cer·

185 4839 408 4950 Phafflaelv
427 4840 661 4929 dfflcubmf*
690 4839 749 4923 Et
765 4837 947 4943 f⁶l¹q¹¹³·
1077 4867 1198 4974 ripit;
1223 4863 1490 4966 comedet,
1513 4860 1912 4990 jddicatpprostre·

268 4987 458 5076 Humilia
474 4988 516 5074 S.
532 4989 655 5073 Petri
673 4984 947 5093 chrysologi.
1076 4971 1739 5087 tiscenjacetcumdecumb1t

363 5109 482 5180 Serm.
506 5111 559 5180 93.
584 5117 676 5198 post
697 5109 861 5179 initium.
1134 5093 1187 5198 Re.
1208 5093 1412 5197 Regnum
1429 5084 1594 5174 mundi.

254 5252 291 5309 Α
349 5214 440 5299 enit
465 5213 639 5314 mulier,
671 5221 717 5296 et
742 5210 863 5296 venit
888 5219 1026 5295 retro:
1385 5199 1540 5282 Lectio
1559 5198 1615 5330 in.
1755 5307 1765 5328 ι

366 5325 470 5433 qnia
490 5349 594 5410 reus
618 5324 791 5409 enimus
812 5331 919 5430 post
941 5331 1026 5406 ter·
1162 5314 1327 5402 ortavit
1345 5313 1503 5412 eleum,
1528 5333 1632 5417 qma
1648 5305 1913 5393 medicinam

242 5450 252 5459 “’
364 5463 470 5542 gum
495 5447 585 5524 stat
616 5434 674 5522 ad
702 5435 891 5536 veniam,
923 5431 1028 5539 quia
1189 5427 1342 5514 lethali
1364 5424 1536 5512 vulneri
1561 5447 1587 5508 a
1611 5425 1806 5528 superno
1824 5421 1912 5550 me·

187 5574 272 5657 per
298 5549 474 5657 culpam
504 5549 630 5636 novit
658 5573 709 5634 se
738 5545 886 5632 vultus
917 5543 1027 5628 fido·
1079 5541 1181 5628 dico
1199 5535 1495 5648 perquirebat
1522 5532 1596 5621 Ad
1613 5533 1754 5642 pedes
1771 5529 1914 5618 tendrt

190 4147 350 4234 Lectio
369 4149 511 4236 sancti
519 4147 758 4346 ILvangelii
778 4146 1025 4232 secundum

558 4284 699 4348 neam.

296 5833 390 5901 Prope.
399 5832 529 5900 Neapolim
543 5831 574 5884 Ρ.
584 5831 693 5884 Mun.
1661 5797 1685 5866 4
