4354 6184
760 496 876 584 Festa
900 517 1038 587 Martii.
1063 517 1129 601 (rs.
1154 521 1206 589 22.
1231 523 1295 606 24.)

162 692 343 780 cutione
364 720 448 803 per
465 699 682 787 visionem
698 708 1000 812 praemonitus,
1052 737 1212 799 annum
1244 713 1424 801 Domini
1454 718 1734 807 millesimum
1766 724 1885 831 quin·

162 810 648 912 congregatismmum
661 816 883 922 iretribus
898 847 999 929 quae
1051 826 1342 927 gentesimum
1380 830 1713 936 nonagesimum
1761 858 1886 942 quar·

162 925 352 1050 venturu
374 933 516 1025 erant,
538 926 664 1028 gravi
681 935 884 1018 sermone
901 934 998 1018 inti·
1051 945 1163 1040 tum,
1190 941 1479 1028 vetustissimi
1502 945 1659 1052 templi
1681 951 1886 1033 corruen-

160 1033 321 1118 mevrt:
368 1042 418 1121 ut
465 1037 541 1141 qui
584 1043 807 1128 constenti
850 1045 999 1131 inimo
1050 1059 1121 1134 tes
1142 1055 1337 1157 parietes
1361 1053 1701 1161 instauraterus,
1726 1059 1809 1146 sub
1828 1059 1886 1144 al·

162 1153 307 1247 erant,
331 1169 381 1232 se
405 1145 464 1234 ad
481 1160 671 1237 mortem
688 1178 772 1260 pro
789 1153 879 1241 lide
898 1157 997 1244 sub·
1051 1162 1136 1246 teri
1149 1174 1304 1251 sancto
1319 1166 1501 1260 Ramiro
1516 1164 1676 1272 diceto,
1693 1170 1888 1260 loculum

161 1253 365 1359 etindam,
379 1259 466 1365 piis
481 1261 872 1353 exercitationibus
885 1294 997 1376 prae·
1050 1276 1218 1380 reperit
1240 1301 1296 1362 ex
1313 1277 1462 1385 lepide
1479 1281 1701 1388 impolito,
1724 1282 1770 1367 in
1796 1308 1885 1390 quo

159 1373 382 1474 parerent
424 1372 571 1459 Ceteri
594 1400 719 1479 vero,
743 1379 859 1466 sicut
877 1381 997 1466 Chri·
1051 1385 1191 1492 ipsius
1214 1413 1318 1473 ossa
1338 1390 1540 1496 jacebant
1567 1418 1668 1500 quae
1695 1395 1740 1478 in
1767 1419 1885 1481 novo

161 1490 261 1611 stus
290 1482 338 1564 in
366 1483 610 1590 Evangelio
643 1491 863 1595 permisit,
893 1493 998 1597 fuga
1052 1495 1181 1584 alteri
1198 1501 1548 1605 magnificentius
1563 1513 1800 1614 exstricto,
1819 1531 1884 1592 ar·

160 1591 248 1678 srbr
267 1594 560 1684 consulerent
1050 1612 1210 1712 gentes
1253 1611 1384 1699 theca
1426 1615 1617 1721 inclusa,
1667 1617 1886 1706 collocata

221 1707 274 1806 li·
293 1707 445 1794 Sancti
462 1710 539 1795 tui
595 1820 603 1836 θ
1050 1733 1169 1825 sunt,
1196 1732 1331 1834 atque
1354 1725 1521 1814 ibidem
1544 1755 1703 1835 magna
1728 1731 1886 1840 pepuli

251 1929 261 1948 ·
371 1931 381 1952 ο
480 1816 634 1900 Lectro
655 1847 691 1900 v.
1049 1837 1334 1924 veneratione
1360 1850 1547 1948 propter
1573 1842 1730 1928 crebra
1757 1845 1884 1928 mire·

166 1916 288 2126 Illis
323 1936 476 2038 igrtur,
520 1937 596 2042 qui
639 1939 804 2045 pusillo
848 1943 996 2029 enimo
1049 1946 1150 2031 cula
1167 1949 1382 2036 coluntur.

240 2053 387 2146 erant,
418 2049 680 2154 segregetis,
711 2060 757 2137 et
787 2051 845 2138 ad
875 2079 995 2140 mon·
1105 2073 1158 2174 lo.
1179 2071 1429 2178 Tamquam
1447 2098 1614 2158 aurum.

160 2157 269 2239 tena
296 2155 507 2245 Galleciae
535 2160 745 2265 dimissis,
773 2166 870 2271 ipse
896 2192 997 2252 cum
1104 2207 1148 2276 In
1173 2208 1237 2278 111.
1259 2209 1361 2280 Noct

160 2263 401 2354 duedecim
418 2272 657 2398 monacbis,
676 2300 791 2383 quos
808 2276 868 2365 ad
884 2303 996 2363 mar·
1053 2301 1148 2374 Cum
1180 2211 1656 2378 audientiufniieHeirncilelii
1679 2213 1882 2380 doiiiiir

159 2379 264 2486 ty‘rti
281 2385 471 2485 agenem
482 2385 672 2493 Spiritus
691 2399 869 2476 sanctus
889 2383 997 2476 sele·
1054 2397 1081 2466 1.
1106 2397 1203 2468 loco.

159 2501 304 2596 gerat,
326 2494 372 2577 in
396 2495 629 2584 ecclesiam
650 2501 895 2608 profectus,
917 2527 997 2588 eos
1346 2580 1356 2599 .
1601 2579 1626 2598 ..

158 2603 441 2711 hortabetnr,
466 2618 516 2697 ut
540 2617 741 2720 paratam
764 2613 849 2700 sibi
871 2619 995 2701 coro
1299 2579 1385 2666 D¹0
1405 2581 1465 2664 ¹8·
1482 2577 1641 2666 Mam·
1750 2715 1757 2732 q

159 2743 264 2803 nam
294 2719 400 2808 laeto
433 2723 581 2810 inimo
612 2731 886 2833 exciperent3
921 2751 997 2812 vo·
1160 2715 1205 2800 S.
1224 2713 1475 2800 Gabrielis
1496 2711 1771 2848 Archanseh⁸

159 2833 308 2937 tisqne
344 2833 601 2922 ardentibus
635 2835 694 2922 ad
728 2843 997 2945 promissum
1208 2937 1216 2954 .
1310 2829 1465 2956 9⁰1³]OE
1480 2851 1615 2918 marus.
1727 2947 1733 2962 ι
1797 2948 1803 2962 ι

159 2939 450 3032 beafiffidjnig
506 2950 707 3034 raemjum
728 2949 997 3036 anhelafent·
1105 2935 1242 3008 Omma
1268 2949 1310 3008 ut
1332 2949 1432 3012 mter
1455 2943 1553 3014 festa
1582 2965 1653 3029 pro
1685 2949 1881 3034 aquurbus

160 3055 403 3144 Orentibus
429 2975 579 3145 auiem
603 3061 689 3147 illis
737 3073 782 3149 et
808 3066 997 3167 agonem
1050 3033 1148 3119 ¹⁰⁰j⁸
1174 3035 1309 3105 eadem
1334 3038 1406 3108 die.

160 3193 291 3255 snum
333 3171 527 3258 Demino
572 3125 996 3276 commendantibus,
1289 3216 1376 3302 Die
1391 3219 1458 3301 22·
1477 3217 1634 3304 Martii·

159 3307 262 3368 cum
286 3283 454 3387 ingenti
469 3285 618 3373 furore
643 3295 689 3372 et
710 3291 896 3395 impetu,
920 3288 996 3374 ad·
1065 3351 1423 3438 sothmnae
1442 3351 1547 3438 m
1638 3352 1717 3437 Ad

158 3398 374 3481 venerunt
388 3395 553 3500 Arieni,
567 3398 727 3504 quibus
738 3400 900 3486 beetus
908 3401 994 3486 Ra·
1100 3413 1110 3436 ·
1167 3371 1200 3436 a
1382 3457 1472 3540 Ἠ
1549 3373 1621 3439 ⁰ae
1717 3371 1862 3438 ω

158 3509 466 3615 mirusjenuas
483 3511 648 3618 aperiri
664 3511 903 3600 mandevit
1359 3487 1440 3644 Dul
1475 3485 1559 3648 ff}

213 3616 265 3719 lt.
289 3620 774 3748 Vifbffifflffiium‘
1103 3683 1241 3754 omma
1294 3594 1477 3758 tintcrpf
1521 3633 1569 3760 ι’
1705 3691 1877 3760 linibus

465 3727 690 3812 Lecuovr.
1047 3782 1145 3852 rous
1170 3708 1306 3854 eadsi]
1333 3785 1404 3854 ure.
1476 3711 1757 3778 ⁰83¹)qu

236 3846 363 3932 bristi
380 3871 487 3934 vero
510 3847 672 3936 mllites
694 3852 850 3935 cerum
868 3854 993 3958 aspe·
1046 3899 1863 3912 -——---—-——--——-—--——*

254 3968 374 4046 ctum
382 3960 560 4046 minime
569 3960 871 4066 formidentes,
880 3963 995 4071 Sym·
1291 3962 1377 4048 Die
1393 3965 1462 4048 24.
1478 3963 1635 4052 Martii.

157 4071 313 4158 bolum
356 4071 463 4158 fidei
498 4073 607 4176 elta,
651 4084 698 4160 et
730 4074 994 4180 intelligibili
1186 4095 1274 4172 (Pro
1298 4097 1420 4168 Dioec.
1446 4099 1737 4183 Calatanisiad.)

157 4209 270 4271 voce
302 4189 481 4271 cautere
510 4189 760 4293 coeperunt3
792 4211 881 4293 quo
913 4193 993 4273 se·
1069 4214 1122 4297 B.
1149 4213 1363 4316 Josephi
1388 4213 1567 4302 Mariae
1593 4215 1852 4302 'thomann

157 4297 260 4404 pius
285 4302 494 4406 repetitor
520 4299 645 4405 impii
672 4299 903 4402 satellites,
930 4301 992 4386 di·
1066 4377 1077 4388 .
1243 4325 1528 4412 cardinalis
1556 4326 1677 4408 Conf.

27 4491 31 4502 ,
156 4410 325 4497 strlctis
341 4409 516 4514 gladiis,
539 4435 617 4496 eos
637 4411 903 4515 invaserunt,
920 4437 992 4499 eo·
1376 4441 1541 4530 Duplex.

154 4527 343 4631 rtlmqtte
366 4523 630 4632 corperibus
655 4522 906 4634 discerptis,
929 4525 991 4610 in·
1097 4547 1236 4620 Omnia
1265 4550 1312 4620 de
1343 4551 1487 4624 Comm.
1513 4555 1622 4626 Conl.
1652 4575 1728 4622 non
1754 4551 1875 4627 Pont,

153 4640 323 4722 trantes
340 4635 723 4738 inmonasterium,
740 4637 888 4723 omnia
901 4637 992 4742 igni
1044 4651 1187 4727 praeter
1210 4666 1316 4744 sequ.

153 4746 443 4834 tradiderunt.
482 4747 628 4834 Nocte
646 4757 796 4834 autem
813 4747 989 4835 adveni·
1373 4743 1537 4872 Oratio.

154 4863 268 4959 ente,
291 4858 503 4947 dilanieta
519 4864 765 4967 martyrum
782 4861 990 4964 membra,
1133 4869 1223 4964 eus,
1242 4861 1318 4968 qui
1335 4861 1515 4948 beetum
1529 4865 1555 4948 J
1556 4861 1773 4970 osephum
1785 4863 1875 4948 lla·

153 4973 218 5079 pii
235 4971 393 5060 fideles
418 4977 760 5079 congregarunt,
784 4973 898 5058 etin
922 4998 989 5060 cc·
1158 4977 1270 5059 riam
1294 4971 1606 5060 Confessorem
1632 4983 1757 5060 tuum
1782 4975 1874 5079 glo·

157 5085 294 5172 clesia
319 5085 599 5193 sepelierunt
650 5083 825 5172 Ibidem
854 5085 990 5190 longo
1041 5083 1172 5169 mosis
1208 5084 1377 5171 meritis
1412 5095 1458 5170 et
1494 5085 1708 5173 doctrinis
1745 5085 1875 5173 deco·

153 5200 357 5305 tempore
374 5201 602 5284 asserveta
618 5206 737 5283 sunt:
755 5196 836 5284 sed
853 5196 990 5300 locus,
1040 5200 1142 5281 rare
1169 5193 1375 5302 dignetus
1403 5223 1470 5282 es:
1503 5197 1699 5284 concede
1726 5202 1875 5308 propi·

147 5309 990 5509 ·l¹llllbtlil⁶l³titlb{llbltlt
1040 5308 1875 5530 iblllloelllliiblimpilll

233 5485 243 5524 l
807 5484 818 5524 5
1293 5486 1302 5524 l

157 5533 354 5640 eiusdem
387 5535 647 5622 monasterii
679 5534 837 5621 Abbas
873 5533 990 5620 circa
1041 5533 1209 5619 ciemus
1228 5534 1445 5642 exemplo.
1470 5535 1558 5621 Per
1573 5535 1824 5624 Dominum.
