4322 6182
513 479 633 550 Aliud
657 477 762 550 Offic.
785 477 842 548 Ss.
867 475 1021 564 Spineae
1045 475 1210 546 Coronae
1232 473 1277 544 D.
1301 473 1346 542 N.
1371 471 1404 543 J.
1430 471 1469 544 C.
1774 473 1841 550 47*

145 701 275 785 super
303 675 423 775 eum;
456 683 500 760 et
530 674 669 760 livore
700 673 792 779 ejus
826 667 967 754 sanati
1246 669 1296 746 In
1321 667 1372 746 11.
1394 665 1617 746 Nocturno.

143 816 301 876 sumus.
358 788 522 874 Omnes
564 812 647 872 nos
692 784 818 893 quasi
860 805 966 866 oves
1074 781 1174 864 Ant.
1188 779 1273 865 Pro
1286 781 1504 868 frumento
1519 791 1641 868 ortus
1656 792 1724 868 est
1736 781 1842 866 mihi

143 905 399 1006 erravimus,
434 905 735 1009 unusquisque
771 898 815 981 in
850 895 967 981 viam
1017 892 1220 996 tribulus,
1239 904 1284 980 et
1299 920 1382 1003 pro
1400 894 1571 982 hordeo
1590 895 1726 1003 spina.

143 1041 262 1102 snam
290 1014 543 1119 declinavit,
571 1024 616 1100 et
641 1011 792 1120 posuit
817 1007 965 1095 Domi·
1073 1007 1172 1091 Ant.
1209 1007 1491 1113 Fgredimini,
1519 1019 1563 1096 et
1588 1009 1750 1111 videte,
1773 1009 1840 1093 Fi·

143 1155 219 1214 nus
241 1131 288 1214 in
311 1154 366 1215 eo
386 1130 662 1238 iniquitatem
680 1125 875 1212 omnium
890 1147 965 1206 no·
1017 1120 1088 1205 liae
1119 1121 1243 1224 Sion,
1273 1122 1511 1209 Dominum
1539 1123 1691 1208 lesum
1722 1121 1841 1207 Chri·

144 1253 288 1328 strum.
1018 1231 1480 1337 stumindiademate,
1506 1261 1593 1343 quo
1613 1235 1843 1321 coronavit

190 1363 240 1470 li.
267 1362 387 1466 Quid
408 1373 510 1450 sunt
526 1362 668 1470 plagae
689 1360 787 1446 istae
811 1357 856 1443 iu
880 1359 966 1444 me·
1016 1347 1140 1433 illum
1157 1346 1391 1455 Synagoga
1406 1358 1547 1436 mater
1564 1374 1654 1434 sua.

144 1475 212 1561 dio
237 1482 447 1563 manuum
473 1471 718 1562 tuarumi*
748 1473 820 1558 Et·
834 1469 966 1557 dicet:
1072 1461 1173 1545 Ant.
1200 1461 1400 1548 Vidimus
1428 1489 1545 1562 eum,
1568 1472 1613 1549 et
1636 1487 1725 1547 non
1749 1472 1843 1548 erat

142 1591 220 1674 His
236 1590 444 1699 plagatus
468 1616 565 1676 sum
588 1589 633 1673 in
651 1587 784 1676 domo
803 1591 966 1688 eorum,
1018 1578 1235 1682 aspectus,
1254 1585 1299 1662 et
1317 1577 1441 1682 quasi
1454 1574 1741 1663 absconditus
1753 1574 1843 1662 vul·

145 1705 213 1812 qui
231 1703 474 1810 diligebant
487 1729 569 1791 me.
599 1695 651 1798 it.
671 1702 857 1786 Framea
875 1725 966 1785 sus-
1017 1697 1088 1772 tus
1125 1690 1233 1794 ejus:
1277 1690 1394 1777 unde
1427 1714 1510 1776 nec
1543 1691 1844 1798 reputavimus

144 1818 272 1903 citare
307 1843 440 1926 super
470 1821 696 1926 pastorem
726 1839 893 1916 meum,
923 1823 968 1899 et
1018 1825 1129 1886 eum

144 1955 271 2040 super
285 1931 430 2016 virum
443 1930 740 2018 cohaerentem
756 1926 873 2013 mihi.
898 1927 967 2012 Et
1073 1909 1124 2012 i'.
1146 1914 1280 2023 Eripe
1311 1941 1383 2001 mc
1416 1915 1473 2002 de
1505 1916 1691 2002 inimicis
1722 1917 1844 2021 meis,

276 2101 345 2183 De
364 2095 579 2182 Zacharia
596 2094 830 2203 Propheta.
1018 2027 1408 2228 ffisuffnnfflibelrld
1426 2030 1564 2230 ἔξω)
1587 2030 1843 2137 ἱΠΒῑῑΓὸἕῐὶῒὶ·

102 2304 105 2313 .
216 2239 370 2324 ueeoo
391 2238 446 2320 ar.
708 2235 889 2341 Car-12·
1022 2275 1087 2356 ne
1106 2270 1357 2358 sommas,
1375 2273 1605 2360 Athanasii
1622 2275 1845 2390 aprsaopa

218 2369 346 2455 terit
369 2367 413 2452 in
438 2365 510 2452 die
531 2365 621 2452 illa:
649 2390 844 2472 quaeram
868 2389 968 2449 con·
1112 2385 1156 2456 in
1172 2383 1401 2456 Passionem
1416 2378 1583 2452 nomm.
1607 2376 1715 2448 rom.
1730 2375 1759 2441 a.

240 2484 388 2568 terere
411 2505 565 2565 omnes
587 2488 756 2584 gentes,
782 2503 881 2585 quae
898 2480 968 2563 ve·
1322 2477 1475 2561 Lectio
1495 2477 1550 2557 iv.

146 2595 261 2680 niunt
284 2603 441 2680 contra
461 2591 715 2679 Jerusalem.
753 2591 812 2676 Et
835 2588 967 2676 effim-
1030 2616 1045 2645 ··
1074 2648 1087 2703 4,
1110 2670 1117 2709 L
1137 2619 1212 2678 um
1245 2596 1478 2680 exueretur
1512 2593 1747 2696 Dominus,
1791 2621 1846 2682 eo

147 2704 242 2792 dam
260 2731 396 2815 super
410 2704 591 2792 domum
603 2702 759 2806 David,
779 2713 823 2789 et
836 2728 969 2811 super
1056 2740 1084 2823 >4
1130 2700 1131 2711 '
1154 2707 1253 2815 ipso
1289 2706 1564 2795 invisibiliter
1599 2707 1848 2813 erigebatur

145 2819 411 2908 habitatores
420 2818 662 2906 Jerusalem
671 2817 874 2927 spiritum
882 2819 971 2922 gra·
1045 2858 1049 2861 ’
1094 2816 1103 2821 ’
1156 2821 1211 2906 de
1227 2818 1408 2906 diabolo
1421 2820 1687 2929 trophaeum
1701 2832 1746 2909 et
1759 2847 1846 2927 quo

145 2935 223 3036 tiae,
240 2944 284 3022 et
301 2960 503 3043 precum;
521 2944 567 3018 et
580 2931 795 3041 aspicient
813 2928 969 3033 adme,
1020 2937 1129 3022 illud
1147 2934 1426 3021 manifestum
1442 2933 1580 3036 tieret,
1602 2941 1849 3022 narratura

147 3073 271 3155 quem
285 3047 573 3148 confixerunt,
591 3056 636 3132 et
649 3045 857 3155 plangent
870 3070 970 3131 eum
1020 3051 1045 3136 J
1047 3055 1200 3151 oanne,
1223 3047 1426 3135 inditum
1445 3047 1578 3133 luisse
1595 3055 1804 3157 purpura,
1822 3076 1849 3135 a

145 3161 319 3268 planctu
353 3161 479 3270 quasi
514 3184 648 3266 super
681 3157 970 3267 unigenitum
1020 3163 1234 3251 Matthaeo
1246 3188 1365 3264 vero,
1380 3172 1424 3247 et
1437 3163 1600 3264 Marco,
1619 3161 1849 3271 chlamyde

147 3283 188 3358 et
211 3272 425 3361 dolebunt
452 3299 585 3382 super
613 3298 729 3374 eum,
756 3281 805 3358 ut
832 3270 971 3357 doleri
1022 3281 1247 3376 coccinea,
1273 3279 1573 3382 coronamque
1595 3275 1660 3360 illi
1685 3302 1740 3363 ex
1763 3277 1848 3385 spi·

147 3386 254 3472 solet
270 3389 316 3471 in
335 3396 478 3473 morte
499 3385 790 3495 primogeniti.
829 3383 881 3467 In
899 3383 970 3470 die
1022 3393 1089 3476 nis
1114 3415 1248 3498 super
1275 3400 1409 3497 caput
1435 3413 1534 3474 esse
1563 3389 1774 3498 positam,
1806 3400 1850 3476 et

148 3499 216 3586 illa
238 3525 426 3605 magnus
450 3501 533 3586 erit
557 3498 758 3609 planctus
782 3497 826 3582 in
849 3497 875 3580 J
876 3503 969 3582 erri-
1023 3503 1239 3590 calamum
1264 3504 1309 3587 in
1333 3528 1488 3588 manus
1512 3501 1679 3606 datum;
1707 3513 1752 3590 et
1777 3504 1849 3608 ita,

149 3613 297 3718 salem,
337 3622 382 3700 et
418 3612 588 3700 dicetur
624 3613 682 3698 ei:
718 3607 835 3714 Quid
871 3620 971 3696 sunt
1023 3642 1123 3703 cum
1158 3642 1258 3702 eum
1293 3614 1624 3724 produxissent,
1664 3615 1850 3720 genibus

147 3725 284 3834 plagae
310 3727 409 3812 istae
427 3727 471 3809 in
487 3723 634 3811 medio
653 3729 860 3809 manuum
878 3726 970 3806 tua·
1024 3731 1148 3816 flexis
1164 3730 1385 3815 adorasse.
1404 3727 1663 3813 Miraculum
1676 3755 1850 3830 novum

151 3838 263 3925 rum?
303 3839 362 3926 Et
381 3837 515 3925 dicet:
540 3839 623 3922 His
646 3837 849 3946 plagatus
875 3862 972 3920 sum
1025 3853 1069 3930 et
1091 3841 1363 3945 incredibile,
1390 3852 1434 3928 et
1460 3849 1630 3946 magnae
1657 3843 1751 3929 sine
1773 3842 1880 3929 dri--

150 3951 343 4040 ind0m0
362 3956 526 4051 eorum,
546 3952 620 4056 <lui
639 3949 972 4055 diligebantme‚
1023 3957 1098 4043 bio
1129 3955 1329 4041 victoriae
1358 3955 1547 4060 insigne:
1578 3981 1709 4062 quem
1736 3955 1851 4043 enim

150 4065 330 4155 Framea
352 4068 564 4152 suscitare
589 4090 722 4172 super
747 4068 973 4172 pastorem
1023 4081 1072 4157 ut
1086 4069 1310 4155 hominem
1323 4069 1732 4173 condemnaverant,
1750 4095 1851 4156 eum

151 4205 309 4283 meum,
341 4189 386 4266 et
417 4205 550 4288 super
577 4179 718 4264 virum
750 4175 970 4262 eohaeren·
1024 4189 1246 4270 mortuum
1271 4182 1430 4269 deinde
1455 4192 1505 4268 ut
1527 4184 1673 4269 Deum
1698 4183 1850 4270 adora·

152 4303 235 4377 tem
267 4293 393 4396 mihi,
425 4292 533 4381 dicit
562 4292 778 4378 Dominus
810 4293 971 4376 exerci-
1025 4302 1200 4400 verunt;
1224 4306 1268 4383 et
1288 4322 1420 4403 quem
1437 4297 1785 4405 aspernabantur
1802 4305 1851 4382 ut

112 4386 117 4489 l
153 4415 284 4492 tuum:
302 4409 484 4515 percute
498 4410 734 4515 pastorem,
749 4415 793 4491 et
808 4404 973 4511 disper·
1025 4412 1176 4512 vilem,
1220 4421 1266 4498 et
1309 4411 1707 4517 contemptibilem,
1752 4435 1852 4495 eum

154 4522 301 4622 gantur
321 4545 443 4606 oves:
462 4529 506 4605 et
524 4524 780 4605 convertam
796 4542 975 4602 manum
1027 4524 1348 4610 confitebantur
1369 4550 1533 4628 regem:
1557 4524 1627 4609 cui
1649 4524 1852 4624 tunicam,

154 4658 289 4719 meam
309 4633 367 4720 ad
385 4633 607 4742 parvulos.
1027 4647 1072 4724 et
1095 4646 1266 4724 vestem
1293 4637 1594 4739 detraxerant,
1624 4661 1725 4722 eum
1750 4643 1851 4744 prir-

203 4751 250 4856 li.
274 4756 417 4841 Tuam
440 4755 659 4841 Coronam
683 4755 881 4862 spineam
902 4778 972 4837 ve·
1026 4777 1137 4858 pura
1180 4750 1580 4839 circumdederunt:
1632 4761 1678 4834 et
1722 4772 1854 4855 quem

156 4873 362 4971 neramnr,
378 4869 580 4968 Domine,
597 4876 717 4952 tuam
736 4865 975 4971 gloriosam
1025 4865 1280 4970 ignorantes
1299 4863 1576 4950 contumeliis
1594 4861 1853 4966 afficiebant,

157 4981 381 5067 recolimus
411 4981 681 5090 passionem:
710 4979 734 5028 *
765 4979 974 5065 Miserere
1027 5003 1129 5064 eum
1164 4977 1433 5086 Prophetam
1476 4976 1609 5062 etiam
1653 4975 1853 5061 nolentes

158 5091 297 5196 nobis,
333 5096 407 5201 qui
442 5120 600 5205 passus
636 5118 684 5178 es
717 5116 800 5201 pro
835 5092 975 5177 nobis.
1028 5089 1377 5200 appellaverunt:
1410 5097 1453 5177 et
1481 5114 1613 5195 quem
1637 5114 1719 5196 per
1745 5088 1854 5174 ludi·

160 5193 204 5298 l·
228 5207 357 5294 Salva
385 5212 651 5317 praesentem
682 5210 904 5293 catervam
930 5206 975 5289 in
1027 5205 1186 5306 brium,
1213 5203 1685 5310 subsannationemque
1709 5201 1853 5310 pulsa·

160 5319 238 5404 tuis
260 5321 395 5407 hodie
421 5319 626 5407 laodibus
652 5323 975 5423 congregatam.
1027 5316 1153 5419 bant,
1197 5316 1238 5402 ei
1273 5316 1553 5424 triumphalia
1592 5314 1855 5401 addiderunt

161 5429 358 5520 lliserere
383 5434 523 5521 nobis.
556 5433 710 5519 Gloria
732 5432 863 5518 Patri
898 5431 974 5514 Mi·
1028 5433 1294 5532 ornamenta,
1307 5434 1558 5517 coccineam
1568 5425 1854 5535 chlamydem,

162 5549 299 5634 serere
315 5543 456 5635 nobis.
1028 5554 1073 5630 et
1092 5545 1311 5632 Coronam
1328 5549 1539 5653 spineam,
1563 5553 1610 5630 et
1626 5541 1853 5630 calamum.
