4322 6182
298 509 372 584 88*
568 519 709 602 Quinta
733 517 795 587 die
820 515 919 586 inira
945 514 1024 584 Oct.
1050 514 1255 584 Commem.
1280 512 1481 584 Passionis
1500 511 1546 581 D.
1570 511 1617 581 N.
1637 511 1671 580 J.
1697 511 1737 583 C.

305 724 391 805 que
423 697 480 784 ad
512 723 687 785 crucem
718 695 1027 806 persequendo
1060 719 1130 782 co·
1182 703 1294 797 tant;
1312 718 1413 778 cum
1431 692 1564 778 etiam
1576 688 1871 794 Evangelistae
1887 687 2010 774 testi·

303 813 396 898 neti
412 821 525 898 sunt.
557 813 667 898 Cum
686 837 791 916 ergo
810 837 857 897 se
875 835 959 918 pro
978 818 1132 895 nostra
1181 807 1329 894 menia
1352 833 1407 893 ex
1430 831 1483 892 eo
1509 814 1685 912 sumpta
1708 828 1841 910 super
1863 801 2011 886 Salva·

302 925 607 1032 redemptidne
650 924 866 1010 Deminus
914 919 1130 1008 membre·
1182 925 1279 1007 tere
1297 920 1552 1025 intelligant.
1584 919 1646 1004 Ut
1664 927 1732 1004 est
1749 915 1875 1002 illud:
1891 915 2012 999 Divi·

301 1063 400 1124 rum
418 1043 585 1125 setanae
596 1036 799 1124 menibus
813 1035 1005 1135 tredidit,
1024 1032 1131 1141 quid
1182 1033 1439 1120 senmt·sibi
1463 1033 1727 1120 vestimenta
1749 1056 1849 1116 mea
1872 1038 1917 1115 et
1941 1055 2012 1113 su·

304 1151 439 1256 eliud,
468 1176 601 1259 quam
629 1153 826 1261 ejusdem
852 1154 1019 1235 setanae
1041 1173 1129 1232 rna·
1181 1174 1262 1256 per
1271 1157 1440 1234 vestem
1452 1174 1597 1234 meam
1610 1146 1822 1230 miserunt
1834 1151 2012 1228 sortem

301 1291 405 1350 num
423 1267 469 1350 in
483 1292 531 1352 se
546 1271 701 1352 saevire
719 1264 929 1374 permisit
947 1272 997 1348 ut
1012 1260 1130 1347 unde
1181 1262 1239 1347 Et
1258 1257 1392 1347 eliud:
1409 1260 1636 1347 Foderunt
1653 1284 1808 1342 manus
1825 1281 1947 1342 mens
1968 1267 2014 1341 et

300 1378 397 1485 ipse
412 1379 603 1465 exterius
618 1376 911 1478 occumberet,
928 1374 1031 1460 inde
1048 1398 1129 1460 nos
1181 1374 1320 1483 pedes
1337 1400 1472 1462 meos.
1497 1374 1566 1460 Ne
1584 1373 1754 1458 mireris
1773 1370 2013 1457 verborum

303 1492 505 1594 exterius,
527 1491 798 1598 interiusque
816 1486 1044 1575 liberaret?
1084 1487 1130 1573 Si
1181 1488 1470 1576 humilitetem
1492 1498 1537 1574 et
1562 1485 1871 1595 quaerimenias
1888 1483 2012 1570 dere·

302 1603 434 1708 igitur
457 1608 624 1690 setanae
646 1629 800 1690 manus
820 1605 912 1709 ejus
929 1605 1129 1710 potestas
1181 1602 1291 1706 licti,
1337 1630 1437 1690 cum
1482 1603 1668 1687 formam
1703 1599 1819 1686 servi
1855 1597 2012 1697 sciens,

303 1717 533 1825 accipitur,
565 1718 656 1823 ejus
685 1743 862 1802 manum
888 1717 1008 1821 iuxta
1039 1740 1128 1800 car·
1182 1715 1439 1802 scendalum
1461 1715 1604 1800 crucis
1622 1713 1785 1800 videas.
1820 1709 2011 1814 Quidam

301 1855 402 1915 nem
415 1831 605 1939 pertulit
621 1831 741 1934 cujus
754 1833 1022 1938 potestetem
1036 1833 1128 1915 cer·
1182 1838 1330 1915 autem
1346 1829 1435 1926 illic
1454 1838 1620 1915 stantes
1638 1836 1683 1913 et
1701 1824 1929 1911 audientes
1949 1823 2010 1910 di·

301 1944 423 2051 poris
455 1969 596 2052 usque
627 1942 685 2029 ad
720 1953 869 2052 sputa,
906 1941 1129 2050 colaphos,
1181 1940 1357 2028 cebant:
1374 1943 1517 2027 Eliam
1535 1950 1667 2027 vocat
1684 1940 1779 2026 iste.

301 2055 488 2162 flagella,
512 2082 701 2158 crucem,
718 2057 1005 2161 lanceemque
1023 2053 1129 2140 tole·
1233 2067 1285 2169 R,
1309 2065 1406 2169 Ego
1425 2075 1472 2152 te
1488 2065 1651 2172 potavi,
1677 2064 1765 2148 30*

302 2169 424 2256 revit.
465 2170 594 2256 Unde
616 2179 662 2255 et
684 2168 843 2270 Pileto,
869 2167 959 2273 ejus
981 2166 1130 2254 videli-

302 2291 374 2368 cet
401 2283 604 2392 cdrporis
633 2281 850 2386 membro,
881 2281 939 2368 ad
964 2282 1130 2389 passid-

301 2420 403 2482 nem
421 2397 602 2483 veniens
622 2395 744 2484 dicit:
761 2396 864 2481 Non
882 2395 1068 2482 haberes
1086 2395 1131 2478 in

302 2514 658 2732 gggffiggffggff
671 2508 816 2613 ulae
834 2508 1013 2595 fleitbi
1028 2507 1132 2594 dae
1183 2451 2015 2678 meiitoestsimilis?

357 2739 468 2840 Μ
500 2735 741 2824 oexalffivi
758 2746 815 2823 te·
838 2739 926 2824 30*
1182 2682 1260 2770 bat
1286 2710 1327 2770 er
1351 2682 1516 2770 bibere.
1557 2683 1615 2768 Et
1639 2681 1736 2766 haec
1761 2680 1878 2822 lucta
1901 2687 2014 2810 sunt2

595 2893 665 2972 111.
1182 2798 1566 3019 isurun
1579 2794 1834 2996 citou
1859 2793 2015 3010 sn

305 3019 460 3106 L⁶⁰t10
483 3017 624 3103 Sffllcfi
640 3015 868 3121 Evangelii
891 3013 1134 3101 secrindum
1182 3022 1315 3110 hedie
1343 3021 1504 3126 Judeei,
1536 3033 1582 3108 et
1613 3047 1768 3107 omnes
1798 3016 2015 3104 increduli

610 3132 836 3217 hannem·
1184 3135 1416 3222 dominicae
1434 3134 1801 3236 Resurrectienis,
1822 3134 1948 3217 aceto
1969 3140 2015 3216 et

382 3256 535 3340 Lectio
554 3257 624 3338 vii.
876 3251 980 3356 Cap.
995 3252 1055 3332 19.
1183 3249 1285 3336 felle
1308 3259 1468 3358 potant
1491 3249 1658 3350 lesum,
1686 3258 1732 3334 et
1755 3247 1863 3332 dant
1886 3244 1927 3330 ei
1952 3244 2013 3327 vi-

353 3375 472 3462 nillo
485 3375 867 3482 temporezsciens
877 3373 902 3457 J
904 3397 1016 3476 esus,
1031 3370 1134 3477 quia
1183 3389 1287 3448 num
1318 3364 1610 3470 myrrhatum,
1644 3371 1694 3448 ut
1727 3385 1826 3445 eum
1858 3361 2014 3445 conse-

367 3489 514 3575 emnia
527 3492 830 3574 consummata
843 3496 954 3590 sunt,
969 3495 1018 3572 ut
1033 3509 1133 3570 con·
1182 3478 1322 3585 piant,
1352 3487 1397 3561 et
1418 3475 1534 3561 mala
1559 3481 1713 3561 eorum
1737 3499 1828 3560 non
1852 3470 2015 3559 videat

306 3605 597 3688 summaretur
612 3601 850 3710 Scriptura,
868 3599 994 3685 dixit:
1013 3597 1135 3684 Sitio.
1183 3589 1209 3674 J
1211 3615 1313 3675 esus
1336 3598 1484 3675 autem
1505 3593 1664 3674 iterum
1690 3589 1883 3674 clamans
1902 3608 2014 3669 voce

305 3718 364 3802 lit
382 3715 563 3822 reliqua.
1099 3800 1102 3808 .
1184 3728 1341 3808 magna
1386 3702 1531 3786 emisit
1574 3699 1788 3810 spiritum.
1839 3698 2015 3784 Divinae

402 3853 595 3941 Homffla
622 3853 761 3939 sancti
787 3851 1044 3958 ffieffinymi
1184 3817 1420 3925 potestetis
1449 3813 1660 3901 indicium
1691 3823 1779 3915 est,
1814 3817 2015 3899 emittere

590 3966 855 4075 Presbyteri„
1185 3931 1406 4039 spiritum,
1430 3939 1480 4016 ut
1501 3929 1597 4036 ipse
1623 3953 1801 4036 quoque
1826 3926 2016 4012 dixerat:

216 4091 220 4098 '
358 4099 418 4170 nx
434 4098 643 4170 comment.
659 4096 725 4165 nu
741 4095 770 4162 4.
787 4094 829 4162 in
843 4090 976 4163 Matth.
993 4109 1022 4160 c.
1038 4088 1089 4158 27.
1184 4043 1327 4130 Nemo
1338 4052 1488 4151 potest
1501 4042 1657 4129 tollere
1673 4043 2017 4128 animammeam

319 4254 321 4265 ³
367 4264 371 4275 ι
426 4211 517 4296 irca
546 4211 702 4297 horam
736 4235 896 4296 nonam
933 4209 1138 4295 clamevit
1187 4182 1311 4258 Μ’
1330 4155 1411 4242 sed
1429 4182 1651 4296 ‘³3⁰,p9n0
1669 4154 2016 4262 eammeipffl’

308 4213 470 4502 J
472 4351 572 4412 esus
606 4349 717 4410 voce
752 4348 930 4428 magna,
967 4323 1136 4408 dicens:
1186 4280 1231 4357 et
1248 4296 1421 4355 rursum
1439 4296 1651 4377 ³⁰⁰¹p¹³m
1671 4296 1780 4356 eam·

443 4438 533 4523 sur
559 4437 649 4521 snt
681 4437 842 4522 ramma
861 4434 1137 4522 sabacthani:
1238 4391 1290 4499 Il·
1314 4391 1411 4496 ¹³8⁰
1430 4402 1531 4479 ³11oe
1549 4403 1606 4480 te·
1632 4393 1718 4478 30*

1466 2219 1617 2304 Lectio
1637 2217 1721 2301 viii.

1261 2355 1281 2432 t
1305 2348 1512 2431 continuo
1539 2367 1718 2429 currens
1742 2365 1854 2426 unus
1873 2364 1929 2425 ex
1948 2336 2013 2422 eis

309 4555 410 4639 Hoc
437 4562 519 4638 est:
546 4551 668 4636 Deus
691 4576 832 4652 meus,
856 4549 977 4633 Deus
1001 4577 1137 4653 meus,
1487 4533 1641 4618 Lectio
1660 4533 1716 4615 in.

309 4677 358 4754 ut
376 4665 483 4772 quid
502 4663 774 4769 dereliquisti
790 4659 878 4746 me!
913 4660 1136 4771 Principio
1188 4651 1290 4865 Et
1320 4689 1424 4750 ecce
1459 4664 1606 4750 velum
1640 4663 1795 4770 templi
1829 4664 2015 4748 scissum

308 4778 507 4886 vigesimi
547 4777 678 4885 primi
712 4775 875 4860 Psalmi
915 4801 1020 4859 usus
1055 4786 1137 4880 est3
1319 4778 1454 4863 estin
1479 4776 1591 4863 duas
1616 4785 1767 4885 partes
1792 4801 1819 4860 a
1844 4800 2014 4860 summo

309 4891 522 4999 illudque,
545 4889 667 4997 quod
688 4890 733 4973 in
756 4887 902 4975 medio
920 4889 1137 4975 versiculo
1187 4913 1329 4996 usque
1378 4889 1596 4976 deorsum.
1653 4888 1816 4974 Velum
1862 4887 2017 4996 templi

310 5005 484 5109 legitur:
501 5004 693 5111 Respice
710 5003 756 5087 in
769 5028 851 5104 me,
869 5002 1139 5110 superfluum
1189 5003 1376 5088 scissum
1393 5013 1477 5104 est,
1502 5014 1547 5090 et
1570 5002 1718 5088 emnia
1739 5001 1849 5108 legis
1873 5026 2015 5086 sacra-

312 5127 391 5204 est.
417 5117 597 5221 Legitur
613 5117 729 5201 enim
741 5115 1004 5202 inHebre'eoz
1017 5117 1138 5201 Deus
1187 5120 1345 5218 menta,
1367 5141 1467 5222 quae
1485 5116 1607 5224 prius
1624 5115 1897 5220 tegebentur,
1916 5118 2015 5222 pre·

310 5257 452 5333 meus,
470 5230 592 5317 Deus
609 5257 749 5333 meus,
775 5255 910 5338 quare
926 5256 997 5315 me
1017 5229 1138 5316 dere·
1190 5229 1282 5316 dita
1311 5240 1430 5332 sunt,
1461 5239 1595 5337 atque
1625 5231 1683 5316 ad
1713 5230 1909 5336 gentium
1938 5233 2013 5337 pd-

310 5343 494 5452 liquisti!
521 5344 640 5449 Ergo
657 5343 781 5452 impii
799 5353 910 5446 sunt,
930 5344 1004 5450 qui
1021 5343 1139 5428 Psal·
1188 5344 1343 5452 pulum
1368 5345 1646 5429 transierunt.
1685 5345 1738 5428 In
1764 5341 2016 5449 Evangelio,

312 5484 432 5544 mum
449 5458 583 5542 istum
600 5483 656 5542 ex
668 5461 860 5564 persdna
872 5456 1028 5558 David,
1047 5456 1140 5544 sive
1191 5459 1311 5563 cujus
1346 5481 1468 5565 saepe
1512 5457 1696 5543 fecimus
1738 5456 2016 5557 mentionem

311 5569 474 5658 Esther
500 5579 546 5656 et
572 5569 842 5658 Mardocheei
869 5568 1035 5657 dictum
1061 5595 1140 5679 pu·
1190 5568 1523 5679 superliminare
1547 5569 1703 5678 templi
1725 5569 1908 5656 infinltae
1930 5594 2016 5655 ma·
2147 5585 2148 5592 ‘
