4346 6176
836 509 954 580 Festa
977 511 1158 599 Augusti.
1180 511 1237 598 (7.)

414 695 500 781 Die
517 695 555 780 7.
573 694 777 800 augusti.
1301 702 1352 782 In
1378 703 1410 782 I.
1438 704 1664 790 Nocturno.

170 841 215 924 S.
242 838 473 945 carenni
494 839 721 927 Thienaei
745 837 939 922 Confess.
966 847 1011 921 et
1119 837 1220 920 Ant.
1253 837 1412 924 Factus
1440 849 1509 924 est
1537 840 1755 925 Dominus
1781 843 1895 928 reid·

341 953 521 1040 Patroni
549 955 845 1060 Neapolitani.
1061 950 1180 1054 gium
1197 950 1894 1062 padperumadjdtorinoppor-

436 1084 594 1174 Duplex
617 1087 752 1172 majus,
1060 1061 1335 1163 tunitdtibu5‚
1352 1063 1397 1148 in
1414 1062 1710 1150 tribulatidne.

222 1207 413 1296 Vesperae
446 1208 493 1277 de
521 1207 711 1296 Transfig.
736 1205 894 1277 Domini
923 1227 1010 1278 cum
1116 1190 1263 1260 Psalmi
1282 1189 1397 1260 idum
1412 1191 1701 1262 Nociumomm
1721 1194 1768 1263 de
1786 1193 1898 1266 Com·

171 1324 372 1374 commem.
397 1303 433 1374 S.
459 1303 647 1391 Caietani.
1064 1287 1171 1356 muni
1196 1287 1306 1357 Coni-
1330 1308 1410 1357 non
1433 1288 1543 1359 Pont.

223 1416 329 1498 Ant,
370 1413 563 1517 Quae'rite,
598 1410 789 1519 primum
824 1437 1008 1516 regnum
1118 1403 1220 1483 Ant.
1244 1400 1430 1506 Sperent
1446 1399 1491 1482 in
1507 1411 1564 1504 te,
1585 1402 1660 1507 qui
1677 1406 1896 1488 noverunt

167 1525 268 1626 Dei,
283 1535 328 1612 et
341 1526 550 1632 iustitiam
564 1526 668 1632 ejus,
687 1535 732 1610 et
745 1524 844 1610 haec
860 1527 1008 1612 omnia
1059 1535 1222 1595 nomen
1248 1522 1390 1612 tuum,
1420 1512 1628 1619 quoniam
1653 1539 1744 1599 non
1770 1515 1893 1601 dere·

168 1638 623 1745 adjiciennffvobis‚'
1058 1622 1223 1728 linquis
1241 1627 1492 1728 quaerentes
1509 1634 1566 1726 te,
1586 1626 1791 1713 Domine.

222 1757 277 1863 p,
310 1769 383 1853 Tu
418 1793 467 1854 es
507 1793 611 1876 spes
646 1792 765 1870 mea,
805 1767 1007 1855 Domine,
1115 1753 1216 1834 Ant.
1243 1753 1340 1857 Ego
1363 1762 1512 1840 autem
1533 1754 1762 1845 mendicus
1786 1784 1894 1861 sum,

169 1881 222 1984 lp,
247 1881 402 1967 portio
427 1906 527 1966 mea
550 1881 596 1964 in
620 1887 739 1967 terra
755 1880 1007 1967 viventium,
1059 1873 1104 1950 et
1130 1890 1316 1972 pauper:
1342 1865 1561 1952 Dominus
1584 1867 1800 1956 sollicitus
1827 1885 1894 1958 est
1956 1909 1960 1916 ·

164 2053 175 2072 ·
227 2017 363 2088 Oratio
387 2025 431 2086 ut
454 2015 505 2085 ad
527 2013 694 2085 Laudes,
715 2013 785 2084 59*
1058 1977 1156 2061 mei·

221 2129 375 2199 Deinde
400 2129 443 2199 fit
466 2147 664 2199 commem.
689 2127 848 2198 Octavae
872 2127 907 2198 S.
930 2127 1007 2197 Do·
1115 2091 1167 2196 ii·
1201 2098 1272 2183 Tu
1308 2121 1356 2183 88
1392 2089 1498 2206 Spes
1532 2124 1651 2205 mea,
1692 2102 1894 2188 deine.

167 2223 305 2296 minici
330 2223 439 2296 Conf.
465 2244 510 2294 ac
530 2221 566 2295 S.
582 2221 728 2293 Donati
748 2223 819 2311 Ep.
844 2229 882 2293 et
897 2221 1006 2293 Mart.
1062 2214 1114 2319 Rr.
1135 2211 1290 2298 Pdrtio
1314 2236 1414 2297 mea
1437 2212 1484 2296 in
1505 2223 1625 2300 terra
1641 2213 1894 2301 viventium.

336 2397 424 2481 Ad
448 2397 839 2484 matutinum,
1114 2381 1181 2463 De
1199 2378 1402 2486 Epistola
1419 2377 1563 2484 prima
1580 2375 1701 2466 beati
1716 2380 1843 2466 Pauli

221 2529 351 2612 Invit.
379 2529 547 2633 Regem
557 2539 603 2615 et
615 2531 794 2617 Patrem
808 2534 1006 2618 emnium
1174 2490 1384 2598 AP⁶⁵¹⁰li
1401 2491 1459 2577 ad
1478 2490 1773 2577 Timfflheum·

166 2642 919 2746 Dominum*Venite,adoremus.
1140 2642 1296 2726 Lectio
1314 2643 1339 2724 i.
1656 2643 1818 2746 Cape,

219 2765 293 2847 Ps.
320 2763 487 2867 Venite,
505 2764 789 2853 exsultemus.
1197 2776 1429 2875 tquaestus
1442 2791 1628 2871 magnus
1637 2774 1782 2876 pietas
1791 2797 1893 2858 cum

481 2929 694 3056 Hac:-
1188 2880 1893 3084 miseridiam·

328 3096 399 3156 em
429 3078 553 3200 fenei
583 3067 734 3200 dadum
762 3078 897 3156 ”mm
928 3098 1004 3155 ¹¹¹¹·
1058 3105 1262 3210 dubium,
1302 3106 1425 3215 quod
1460 3133 1544 3196 nec
1580 3109 1753 3195 auferre
1785 3109 1893 3216 quid

377 3299 388 3322 ,
478 3184 694 3316 mminfflr
881 3300 891 3321 ,
968 3296 978 3315 ,
1055 3225 1306 3330 pessumus.
1357 3221 1588 3307 Habentes
1624 3231 1774 3308 autem
1816 3223 1891 3308 ali-

322 3293 536 3401 Dumque
575 3321 620 3378 ¹¹¹
655 3294 789 3381 rebus
830 3322 1003 3382 m¹⁵⁶f¹⁸
1055 3337 1214 3437 menta,
1233 3344 1278 3420 et
1296 3333 1459 3441 quibus
1471 3339 1685 3439 tegamur,
1702 3333 1772 3418 his
1791 3359 1892 3422 eon·

266 3519 276 3538 .
396 3520 407 3538 .
481 3409 689 3546 ΨΜ.
1055 3446 1167 3532 tenti
1186 3447 1335 3532 simus
1373 3446 1492 3531 Nam
1515 3449 1590 3555 qui
1607 3447 1762 3533 volunt
1784 3445 1891 3533 divi·

215 3520 306 3606 H¹⁰
323 3518 522 3650 T.h¹⁰¹¹ae¹
539 3523 714 3624 3⁶⁰⁹s¹⁸
733 3519 915 3606 beatum
1055 3568 1124 3644 tes
1137 3559 1246 3662 lieri,
1259 3560 1459 3646 incidunt
1472 3560 1828 3662 intentationem,
1846 3571 1893 3646 et

323 3629 456 3718 S1d¹¹⁸
473 3631 673 3719 h011⁶r0t
1053 3671 1098 3754 n
1128 3672 1337 3777 laqueum
1369 3671 1554 3773 airaon,
1590 3683 1636 3758 et
1671 3670 1891 3757 resana

167 3777 283 3862 Nam
313 3777 435 3866 velut
465 3781 707 3886 quondam,
739 3781 896 3887 Moyse
927 3783 1001 3869 ad·
1053 3783 1193 3870 multa
1209 3783 1390 3886 inutilia,
1408 3795 1455 3870 et
1471 3788 1642 3886 nociva,
1660 3809 1761 3891 quae
1777 3809 1890 3868 mer·

478 3898 701 4001 precante,
1054 3907 1163 4001 gunt
1180 3895 1382 3983 homines
1404 3898 1451 3981 in
1468 3897 1708 3998 interitum,
1733 3905 1777 3982 et
1793 3921 1890 4003 per-

215 4005 406 4092 Profluit
424 4007 542 4090 saxis
560 4007 765 4115 inopinus
784 4007 953 4110 humor,
1054 4009 1279 4095 ditionem.
1301 4010 1450 4095 Radix
1462 4009 1580 4094 enim
1594 4010 1789 4095 omnium
1800 4035 1890 4095 ma·

216 4119 275 4204 Et
297 4119 414 4204 sitim
438 4119 634 4225 longam,
658 4119 843 4206 saliente
867 4126 999 4227 aqua-
1053 4121 1198 4208 ldrum
1217 4132 1286 4208 est
1304 4120 1540 4230 cupiditas:
1558 4148 1690 4229 quam
1711 4121 1891 4230 quidam

478 4257 577 4316 rum
1053 4239 1317 4342 appetentes
1349 4238 1606 4320 erraverunt
1643 4261 1669 4320 a
1700 4234 1810 4339 fide,
1845 4245 1891 4321 et

321 4343 476 4447 Fonte,
494 4344 672 4432 levavit
1052 4347 1330 4434 inseruerunt
1352 4373 1402 4434 se
1429 4347 1659 4434 doleribus
1684 4349 1845 4434 multis.

164 4491 235 4575 Sic
253 4490 334 4577 ubi
350 4516 549 4598 praesens
566 4492 647 4579 tibi
664 4503 815 4580 tantus
832 4493 950 4580 adsit
1110 4479 1326 4610 liNOJste
1339 4477 1640 4610 iheflflufifflle
1654 4477 1783 4563 V⁰bi⁸
1795 4478 1888 4564 the·

214 4601 440 4713 Splendor
463 4604 630 4692 exalto
649 4605 834 4694 rutilans
853 4605 1001 4714 Olym-
1052 4596 1210 4674 saeros
1237 4617 1282 4673 m
1308 4600 1444 4676 terra:
1479 4595 1503 4644 *
1528 4591 1616 4676 Ub1
1642 4597 1812 4693 aerago,
1844 4601 1889 4676 et

477 4744 550 4826 po,
1050 4707 1171 4788 tinea
1190 4701 1437 4789 demolitur.
1474 4694 1526 4798 ll.
1538 4703 1627 4789 Ubi
1644 4703 1764 4789 fure
1780 4701 1886 4787 effe·

213 4829 370 4918 Teude
388 4832 475 4940 jam
489 4832 710 4918 dextram:
727 4834 915 4919 refluant
929 4858 1000 4918 su·
1053 4814 1188 4918 diunt,
1207 4825 1252 4901 θῒ
1269 4815 1482 4902 furantur·
1508 4817 1607 4902 Ubi·

474 4946 635 5078 remi,
1368 4961 1522 5044 Lectio
1543 4963 1582 5044 n.

319 5057 671 5162 MsffleffiRegffl·
1056 5084 1531 5296 Tuautemohomo
1546 5091 1640 5193 Dei,
1658 5091 1756 5176 haec
1770 5091 1887 5196 fuge:

162 5205 227 5290 Sit
246 5203 367 5290 salus
385 5203 461 5308 illi,
479 5205 616 5293 decus
634 5215 770 5314 atque
788 5204 940 5308 virtus,
1164 5208 1336 5290 sectare
1359 5228 1467 5291 vero
1495 5203 1724 5311 justitiam,
1748 5205 1886 5311 pieta-

214 5319 301 5421 Qui
319 5342 454 5425 super
470 5319 574 5405 coeli
591 5319 707 5404 solio
724 5325 964 5404 conlocans
1050 5325 1157 5418 tem,
1181 5315 1333 5418 fidem,
1351 5317 1598 5419 caritdtem,
1617 5317 1886 5424 patientiam,

213 5431 375 5518 Totius
392 5430 546 5517 mundi
564 5430 724 5518 seriem
738 5431 956 5535 gubernat
1050 5429 1443 5516 mansuetudinem.
1471 5431 1602 5516 Certa
1614 5429 1781 5518 bonum
1795 5455 1886 5517 cer·

318 5542 481 5630 'Prinas
499 5554 546 5631 et
562 5569 687 5632 unus
713 5547 871 5630 Amen.
1050 5547 1199 5630 tamen
1242 5541 1367 5646 fidei,
1419 5540 1706 5652 apprehende
1749 5543 1886 5630 vitam
