4354 6184
563 505 713 576 Domin.
735 506 801 576 ΙΙΙ.
826 515 916 594 post
938 505 1045 606 Pent.
1070 514 1107 577 et
1129 507 1244 579 Festa
1267 509 1384 580 Junii.
1408 510 1489 594 (18.)

168 699 254 785 bus
273 698 513 803 claudetur,
533 725 632 807 quae
650 699 786 785 modo
802 697 999 805 quotidie

167 813 485 921 poenitentibus
517 818 729 922 aperitur:
763 812 846 899 erit
880 836 999 895 nam-

168 952 258 1032 que
285 936 330 1013 et
359 936 465 1012 tunc
495 927 773 1035 poenitentia,
804 922 884 1010 sed
914 923 998 1008 fru-

168 1044 327 1126 ctudsa
352 1043 438 1148 jam
463 1065 553 1131 non
580 1041 679 1143 erit,
708 1039 811 1145 quia
838 1042 998 1142 neque-

168 1179 304 1260 quam
338 1165 444 1240 tunc
478 1155 651 1240 veniam
692 1151 877 1252 invenit,
924 1153 999 1256 qui

165 1267 306 1353 modo
325 1279 478 1375 aptum
495 1268 636 1352 veniae
653 1276 827 1375 tempus
842 1266 998 1375 perdit

223 1381 288 1466 Te
304 1381 450 1508 Deum
466 1380 706 1465 laudemus.

199 1573 432 1660 Dominica
447 1575 526 1658 III.
543 1584 649 1682 post
664 1574 968 1659 Pentecosten.

246 1709 511 1795 Purissimi
530 1709 704 1796 (lerdis
720 1712 773 1795 B.
792 1709 856 1795 lli.
870 1710 928 1794 V.

432 1826 590 1914 Duplex
604 1827 740 1912 majus,

225 1940 363 2009 Omnia
390 1947 432 2009 ut
455 1938 554 2009 inter
577 1938 677 2009 festa
705 1957 776 2025 pro
802 1936 998 2025 aliquibus

168 2037 270 2105 locis
284 2035 395 2107 Dom.
413 2043 505 2124 post
520 2034 601 2106 Oct.
620 2034 819 2121 Assumpt.
836 2033 878 2103 B.
895 2032 942 2103 M.
953 2032 998 2102 V.

433 2208 518 2294 Die
537 2209 596 2292 18.
615 2208 742 2292 Junii.

274 2336 318 2421 S.
348 2336 579 2439 calogeri
605 2330 891 2415 Confessori's.

480 2454 687 2543 Duplex,

226 2572 364 2644 Omnia
388 2575 436 2646 de
460 2575 606 2647 Comm.
631 2575 741 2647 Conf.
772 2594 850 2645 non
873 2573 998 2659 Pont,

167 2679 313 2758 praeter
335 2674 547 2762 sequentia.

505 2796 670 2881 Oratio.

264 2928 363 3005 eus,
408 2903 483 3009 qui
526 2928 607 2988 nos
643 2902 763 2989 bedti
799 2902 1000 3008 Calogeri

291 3017 567 3102 Conlessdris
597 3018 683 3118 tui,
714 3021 858 3102 dnnua
889 3019 999 3104 sole·

167 3129 355 3216 mnitate
380 3130 598 3215 laetificas:
628 3130 823 3217 concede
852 3135 999 3239 propi·

169 3245 277 3347 tius3
324 3252 374 3328 ut
408 3245 529 3349 cuius
564 3243 761 3329 natalitia
804 3245 1000 3345 cdlimus,

170 3358 306 3441 etiam
324 3357 518 3442 actiones
541 3356 770 3442 imitemur.
807 3356 895 3441 Per
911 3356 1000 3441 Dd·

168 3470 338 3555 minum
354 3481 565 3555 nostrum.

223 3605 266 3675 In
298 3606 326 3677 I.
359 3606 557 3681 Nocturno
589 3610 793 3682 Lectiones

169 3711 284 3793 ptura
310 3715 543 3777 occurrente.

395 3838 444 3925 111
470 3839 522 3920 H.
549 3839 772 3920 Nocturno.
824 3886 827 3891 ·

825 3612 872 3682 de
900 3610 998 3681 Scri·

472 3967 623 4054 Lectio
642 3970 694 4053 iv.

178 4110 254 4204 517
272 4090 527 4193 :aldgerus
554 4089 999 4198 Constantinopolite·

182 4295 187 4315 ,χ
205 4240 229 4317 ,χ
263 4201 268 4209 ’
304 4229 404 4304 nus,
431 4203 516 4311 piis
534 4213 580 4289 et
596 4202 793 4289 honestis
812 4205 999 4310 parenti·

189 4310 276 4359 ‘⁴³⁴¹
304 4316 387 4402 bus
421 4327 568 4420 natus,
604 4316 660 4402 ab
698 4317 761 4402 eis
790 4317 864 4425 pie
898 4315 999 4404 edu·

1812 505 1879 579 21*

1051 702 1153 785 vino
1168 700 1371 792 incensus
1386 703 1547 798 amere,
1566 695 1711 806 petria
1723 720 1878 803 paren·

1050 810 1257 920 tibiaque
1300 813 1486 914 relictis,
1530 813 1575 896 in
1618 808 1785 897 Urbem
1830 833 1878 893 se

1052 926 1235 1011 centulit
1258 937 1303 1012 et
1327 925 1383 1011 ad
1401 924 1628 1011 Pontificis
1646 922 1785 1032 pedes
1801 918 1880 1007 hu·
1973 941 1975 944 ·

1050 1037 1211 1123 militer
1243 1043 1491 1147 prostratus
1521 1046 1662 1124 totam
1687 1035 1750 1120 illi
1775 1035 1880 1121 vitae

1051 1176 1143 1236 suae
1164 1153 1379 1239 ratidnem
1403 1151 1624 1259 exposuit,
1649 1175 1675 1234 a
1698 1174 1785 1256 quo
1811 1173 1879 1233 ac·

1051 1268 1179 1372 cepta
1196 1264 1505 1352 benedictidne
1523 1273 1569 1350 et
1585 1259 1790 1348 menachi
1807 1261 1880 1346 hi·

1049 1377 1155 1478 bitu,
1173 1377 1218 1460 in
1232 1377 1456 1464 desertum
1473 1375 1708 1484 quemdam
1722 1373 1879 1476 locum,

1051 1500 1099 1577 ut
1125 1491 1222 1576 Deo
1249 1490 1428 1577 liberius
1454 1494 1650 1591 vacaret,
1681 1489 1881 1576 secessit:

1050 1603 1127 1690 ubi
1149 1612 1269 1691 totus
1293 1605 1337 1689 in
1363 1603 1539 1710 jejunio,
1565 1602 1756 1688 lecrimis
1783 1626 1880 1710 pre·

1051 1718 1265 1825 cibusque
1282 1717 1471 1803 assiduis
1488 1715 1765 1818 versabitur,
1782 1714 1879 1813 her·

1050 1829 1206 1917 berum
1236 1841 1406 1918 tantum
1439 1829 1660 1918 radicibus
1690 1838 1735 1915 et
1766 1853 1880 1935 aqua

1051 1945 1187 2030 vitam
1217 1948 1478 2031 sustentans.
1530 1942 1698 2028 Verum
1729 1939 1880 2028 divino

1050 2057 1215 2166 Spiritu
1246 2057 1480 2144 roboretus
1511 2055 1703 2143 Siciliam
1735 2053 1879 2163 proie-

1053 2181 1149 2255 ctus
1178 2182 1261 2273 est,
1288 2182 1334 2256 et
1359 2169 1567 2278 Liparum
1591 2167 1780 2253 insulam
1805 2192 1879 2275 pe·

1050 2293 1164 2386 tens,
1190 2282 1355 2370 ibidem
1377 2284 1511 2388 longo
1535 2285 1737 2390 tempore
1761 2278 1881 2365 habi·

1051 2397 1176 2500 tevit,
1199 2396 1274 2482 ubi
1298 2424 1373 2484 eas
1390 2395 1610 2501 religidsae
1628 2394 1732 2479 vitae
1749 2393 1881 2479 ratid-

1051 2535 1129 2595 nes
1153 2512 1364 2619 suscepit,
1389 2519 1438 2601 ut
1464 2509 1579 2594 illius
1602 2506 1881 2593 sanctitetem

1049 2624 1173 2709 Deus
1216 2624 1365 2710 multis
1409 2622 1630 2708 mireculis
1674 2623 1881 2707 testatam

1051 2761 1150 2823 esse
1178 2738 1378 2824 voluerit.

1103 2850 1155 2954 Ii.
1180 2851 1431 2938 Honestum
1447 2848 1563 2935 lecit.
1656 2859 1658 2863 ‘

1362 2958 1513 3041 Lectio
1533 2986 1571 3039 v.

1130 3081 1299 3163 etenum
1311 3074 1742 3163 hicsanctusvirille
1755 3099 1878 3183 pror-

1155 3217 1230 3275 sus
1254 3191 1546 3292 existimetur,
1574 3188 1630 3275 de
1658 3214 1747 3295 quo
1770 3188 1881 3272 mira

1052 3313 1229 3388 sanctus
1249 3303 1491 3407 Gregdrius
1510 3302 1686 3410 scriptis
1703 3299 1880 3387 mande·

1051 3417 1115 3502 vit
1137 3416 1206 3500 his
1230 3414 1394 3501 verbis:
1416 3415 1630 3517 Julianus,
1656 3414 1881 3499 iamilidris

1051 3553 1191 3631 meus,
1215 3529 1410 3613 narrevit
1426 3525 1534 3612 mihi
1553 3526 1719 3612 dicens:
1736 3526 1880 3611 Theo*

1051 3640 1191 3727 dorici
1213 3641 1329 3745 regis
1352 3639 1643 3749 temperibus,
1667 3650 1794 3748 pater
1812 3643 1880 3724 sd-

1052 3755 1141 3839 ceri
1165 3753 1252 3839 mei
1274 3754 1320 3839 in
1336 3751 1484 3838 Sicilia
1510 3754 1786 3839 exactidnem
1811 3756 1880 3838 ce·

1051 3867 1178 3952 nonis
1214 3871 1384 3972 egerat,
1420 3875 1464 3952 et
1499 3868 1584 3972 iam
1620 3865 1677 3951 ad
1707 3865 1882 3951 Italiam

1051 3980 1240 4066 redibat:
1258 3980 1378 4086 cujus
1397 3977 1520 4063 navis
1535 3977 1722 4086 appulsa
1742 3976 1881 4064 estad

1051 4093 1254 4194 insulam,
1288 4117 1389 4198 quae
1415 4091 1588 4199 Liparis
1616 4090 1880 4200 appelletur:

1052 4218 1097 4294 et
1122 4207 1224 4314 quia
1247 4205 1337 4291 illic
1362 4206 1429 4291 vir
1455 4203 1634 4311 quidam
1658 4203 1880 4289 soliterius

1051 4345 1223 4426 magnae
1266 4319 1442 4405 virtitis
1485 4316 1732 4421 habitebat,
1775 4313 1881 4402 dum

172 4433 314 4530 cetus,
341 4430 427 4535 jam
451 4427 555 4516 inde
583 4428 638 4515 ab
664 4429 842 4516 ineunte
869 4435 1000 4516 aetete
1052 4444 1198 4518 nautae
1233 4433 1357 4517 navis
1397 4434 1666 4516 armamenta
1704 4432 1881 4538 repare-

172 4543 309 4628 sacn‘s
335 4540 530 4628 imbutus
558 4542 735 4645 litteris,
765 4542 1001 4628 multerum
1051 4558 1164 4647 rent,
1189 4546 1334 4631 visum
1356 4553 1424 4630 est
1440 4542 1657 4653 praedtcto
1677 4543 1794 4651 patri
1812 4547 1880 4628 sd·

172 4656 385 4742 virtutum
403 4663 447 4740 et
461 4655 737 4742 abstinentiae
754 4657 1001 4762 praesertim
1052 4660 1143 4747 ceri
1166 4659 1272 4761 mei,
1306 4657 1364 4743 ad
1396 4657 1601 4744 eumdem
1626 4657 1769 4741 virum
1794 4655 1881 4742 Dei

172 4794 379 4875 magnum
430 4770 654 4876 specimen
705 4768 847 4873 deniq
899 4794 1002 4855 nam
1052 4777 1256 4880 pergere,
1296 4795 1433 4878 seque
1474 4775 1565 4878 ejus
1609 4767 1880 4856 oratidnibus

174 4883 323 4989 quoad
344 4882 471 4986 vixit,
496 4892 638 4969 totam
664 4881 1001 4986 hebddmadam,
1052 4885 1374 4973 commendere.
1427 4885 1549 4988 Quos
1588 4884 1656 4969 vir
1693 4881 1881 4984 deini,

172 4999 376 5104 (excepto
401 4994 474 5083 die
495 4996 744 5102 Dominic0)
767 4996 1002 5102 jeiunebat:
1052 5027 1153 5086 cum
1171 4999 1373 5099 vidisset,
1399 4999 1479 5101 eis,
1503 4999 1617 5085 inter
1639 4996 1725 5081 elia
1747 4993 1880 5080 collo-

172 5111 265 5214 ejus
288 5110 412 5196 cibus
438 5119 532 5196 erat
554 5111 700 5218 panis,
723 5120 857 5216 potus
875 5135 1001 5218 aqua.
1053 5119 1192 5212 cuitus,
1211 5110 1338 5200 dixit:
1356 5111 1501 5211 Scitis,
1525 5110 1626 5217 quia
1643 5135 1722 5194 rex
1739 5106 1881 5192 Theo·

172 5224 226 5308 In
253 5223 455 5310 oratidne¹
483 5235 631 5309 autem
660 5247 866 5328 magnam
895 5227 1000 5308 tem·
1054 5224 1231 5312 doricus
1248 5228 1450 5309 mertuus
1468 5222 1559 5309 est?
1604 5221 1683 5308 Cui
1700 5220 1763 5304 illi
1780 5223 1881 5327 pre·

171 5337 294 5445 poris
338 5347 510 5445 partem
560 5345 843 5440 consumens,
896 5342 1000 5422 assi·
1053 5339 1170 5427 tinus
1179 5335 1515 5446 responderunt:
1529 5333 1674 5437 Absit:
1687 5358 1769 5418 nos
1781 5356 1880 5417 eum

171 5449 306 5536 duam
327 5451 573 5537 Dominicae
598 5450 819 5559 passienis
839 5455 1001 5537 memd-
1052 5452 1273 5537 viventem
1299 5447 1558 5551 dimisimus,
1589 5458 1634 5535 et
1659 5445 1767 5531 nihil
1792 5445 1881 5530 tale

171 5563 285 5649 riam
318 5563 554 5652 recolebat
607 5563 903 5668 Quamobrem
940 5561 1002 5650 di·
1055 5561 1116 5650 ad
1131 5589 1214 5650 nos
1231 5563 1289 5649 de
1309 5589 1363 5649 eo
1381 5587 1496 5646 nunc
1509 5585 1650 5668 usque
1662 5558 1881 5668 perlitum

278 5832 370 5902 eron.
381 5833 484 5888 Sicilia.
498 5832 529 5886 P.
539 5831 649 5885 Eadm
