4322 6182
806 529 921 598 Festa
944 527 1157 597 Februarii.
1180 526 1256 610 (15.)

180 717 417 802 humanum
449 721 645 801 astantes
676 716 1008 802 autumaverint
1060 717 1191 824 Cujus
1243 717 1417 804 virthtis
1472 717 1739 824 praesagium
1792 716 1886 818 hrit3

179 831 324 932 Quare
350 830 457 916 cleri
483 830 727 937 populique
749 829 1007 935 postulatio·
1061 830 1197 937 quod,
1222 855 1322 916 cum
1346 828 1491 915 adhuc
1506 830 1553 913 in
1571 829 1800 938 cunabulis
1816 856 1886 914 va·

177 943 306 1028 nibus
349 943 559 1048 pristinus
604 942 745 1027 sancti
781 941 1007 1028 Nostriani
1059 948 1172 1047 giret
1189 943 1342 1046 inians,
1360 948 1545 1030 examen
1562 968 1696 1051 apum
1713 940 1888 1028 adeum

178 1057 333 1159 cultus,
358 1057 433 1164 qui
449 1059 702 1164 temporum
720 1053 1008 1140 diuturnitate
1061 1057 1321 1162 convolavit,
1345 1068 1389 1144 et
1411 1058 1560 1142 favum
1575 1055 1717 1141 mellis
1733 1057 1780 1140 in
1798 1058 1887 1163 eius

177 1197 291 1279 pene
320 1169 590 1273 exoleverat,
619 1169 755 1255 sacris
782 1168 938 1255 officiis
963 1169 1008 1251 in
1061 1167 1244 1256 dextera
1288 1171 1546 1256 construxit.
1615 1169 1888 1255 Adolescens

179 1287 269 1391 ejus
296 1283 411 1369 festo
439 1282 755 1369 cohonestatus
783 1291 861 1368 est.
912 1280 1006 1366 Leo
1058 1281 1316 1390 parentibus
1353 1283 1553 1384 orbatus,
1585 1282 1889 1386 Albigensium

177 1408 326 1482 autem
369 1395 566 1482 decimus
609 1395 765 1481 tertius
804 1395 1008 1480 Pontifex
1058 1395 1274 1501 haeresim,
1299 1424 1398 1505 quae
1421 1407 1526 1482 tunc
1544 1398 1588 1480 in
1607 1395 1755 1482 Gallia
1771 1421 1888 1502 gras·

176 1511 394 1594 maximus
412 1507 579 1595 cultum
595 1509 742 1617 ipsum
759 1507 1006 1614 aNeapoH·
1061 1508 1256 1613 sabatur,
1284 1515 1536 1612 exsecrans,
1564 1507 1791 1596 divendito
1814 1535 1887 1617 pa·

176 1624 291 1709 tanis
315 1621 483 1708 civibus
502 1622 685 1709 antistiti
708 1646 790 1707 suo
809 1621 852 1705 N
854 1620 1007 1706 ostria·
1059 1622 1285 1727 trimonio,
1320 1625 1367 1708 in
1395 1623 1658 1731 Hispaniam
1689 1624 1888 1724 secessit;

178 1762 236 1821 no
261 1735 316 1820 ab
342 1734 679 1820 imemorabili
704 1738 907 1842 tempore
935 1758 1006 1819 ex·
1060 1748 1104 1822 et
1130 1737 1250 1845 apud
1271 1737 1449 1824 beatam
1472 1737 1701 1841 Virginem
1726 1735 1888 1821 montis

176 1847 363 1935 hibitum
381 1874 436 1934 ex
455 1852 681 1933 sacrorum
694 1847 1007 1934 R-ituumCon·
1059 1851 1225 1938 Serrati
1241 1862 1411 1955 votum,
1436 1874 1524 1958 quo
1547 1848 1722 1958 pridem
1744 1874 1793 1934 se
1813 1848 1887 1934 ob·

176 1962 444 2066 gregationis
481 1961 704 2063 consulto,
740 1959 1008 2070 approbavit
1059 1969 1305 2068 strinxerat,
1324 1965 1524 2051 exsolvit.
1550 1965 1666 2048 Tum
1682 1961 1889 2047 Barcino·

177 2086 222 2161 et
234 2075 524 2177 confirmavit,
538 2076 720 2183 ejasque
729 2075 891 2161 festum
907 2099 1007 2159 cum
1058 2103 1159 2162 nam
1173 2104 1374 2186 pergens,
1391 2104 1491 2163 cum
1507 2075 1671 2162 Christi
1683 2073 1889 2160 fidelibus

178 2187 336 2273 Officio
361 2197 405 2272 et
420 2187 556 2272 Missa
574 2187 655 2273 sub
679 2188 767 2273 ritu
790 2186 956 2295 dirplici
980 2212 1007 2270 a
1059 2195 1114 2277 ab
1146 2191 1341 2279 hostium
1363 2191 1590 2278 servitute
1621 2186 1889 2275 redimendis

177 2301 295 2387 clero
331 2300 640 2409 Neapolitanae
679 2298 1007 2388 archidioecesis
1059 2330 1234 2402 omnem
1265 2305 1499 2415 pecuniam
1530 2305 1890 2409 consumpsisset,

178 2415 413 2520 quotannis
461 2412 775 2500 celebrandum
817 2413 1006 2518 benigne
1058 2424 1254 2527 seipsum
1278 2443 1361 2527 pro
1385 2419 1440 2502 iis
1462 2413 1702 2502 liberandis
1727 2439 1888 2500 venum

175 2527 367 2613 indulsit.
417 2531 469 2634 ld.
497 2527 590 2613 Iste
608 2537 677 2614 est
695 2527 782 2634 qui.
1057 2531 1137 2635 ire,
1168 2543 1244 2618 aut
1269 2532 1314 2616 in
1344 2530 1519 2636 illorum
1545 2529 1719 2614 vincula
1743 2527 1890 2612 suffici

140 2633 144 2654 '
230 2664 275 2734 In
298 2663 362 2733 ΠΙ.
382 2662 582 2732 Noctumo
606 2656 780 2728 uomina
801 2655 842 2724 sn
859 2653 1007 2739 evang.
1058 2653 1223 2754 cupere
1242 2644 1484 2732 dictitabat

182 2755 357 2844 vigilate.
386 2760 433 2830 de
458 2756 662 2828 Communi
683 2755 714 2824 2.
736 2753 836 2822 loco.
1114 2761 1171 2867 R
1186 2760 1438 2846 Honestum
1455 2756 1570 2842 fecit,

230 2865 363 2936 Lectio
388 2865 438 2934 ix.
473 2863 520 2932 de
544 2861 717 2930 Homilia
749 2869 786 2928 et
810 2877 1006 2928 commem.
1369 2871 1523 2956 Lectio
1542 2900 1580 2955 v·

178 2963 379 3072 L—'erlae
329 2963 370 3031 in
393 2960 607 3030 Laudibus.
1145 3009 1247 3068 uam
1288 2994 1461 3089 gratum
1494 2981 1592 3067 Deo
1631 2980 1765 3067 fixerit
1803 2979 1889 3065 hoc

377 3103 463 3188 Die
481 3105 541 3187 15.
559 3102 799 3188 Februarii.
1174 3096 1414 3184 sanctiviri
1435 3094 1715 3197 desiderium,
1738 3092 1888 3179 sabse-

229 3231 272 3314 s,
291 3230 428 3314 petri
443 3231 644 3316 Nolasci
667 3231 952 3316 Cmfesgffljs,
1058 3235 1198 3316 quens
1217 3211 1458 3298 declaravit
1472 3213 1671 3295 eventus:
1690 3233 1792 3293 nam
1812 3233 1887 3291 no·

510 3361 676 3450 Duplex.
1058 3333 1132 3410 ctu
1151 3326 1310 3428 oranti,
1335 3334 1381 3410 et
1403 3323 1460 3409 de
1479 3322 1888 3409 Christianorumin

234 3463 370 3536 Omnia
401 3461 448 3530 de
478 3459 622 3530 Comm.
647 3453 756 3526 Conl.
784 3470 863 3520 non
886 3447 1007 3534 Pone,
1058 3437 1313 3542 captivitate
1374 3435 1627 3542 degentium
1687 3433 1887 3520 subsidio

179 3569 321 3649 praeter
343 3556 554 3647 sequentia.
575 3550 636 3634 (m
658 3554 683 3619 t
704 3548 755 3632 v.)
1056 3549 1196 3637 multa
1219 3552 1364 3637 animo
1382 3549 1578 3636 volventi
1596 3549 1728 3636 beata
1746 3548 1888 3653 Virgo

517 3671 681 3757 Oratio.
946 3665 948 3670 ’
1057 3670 1294 3773 apparens,
1321 3665 1434 3750 Filio
1458 3689 1540 3750 suo
1564 3662 1737 3769 sibique
1763 3687 1886 3748 acce·

266 3800 354 3875 eus,
379 3773 455 3881 qui
470 3774 516 3857 in
533 3783 622 3859 tuae
648 3773 843 3859 caritatis
862 3777 1005 3858 exem·
1057 3780 1307 3885 piissimum
1323 3778 1419 3864 fore
1436 3776 1666 3883 suggessit,
1689 3776 1727 3861 si
1744 3773 1804 3862 ad
1821 3774 1889 3860 sui

286 3887 424 3995 plum,
448 3883 508 3971 ad
525 3885 722 3972 fidelium
738 3885 1004 3994 redemptio·
1057 3893 1272 3978 honorem
1298 3890 1606 3996 rehgiosorum
1629 3890 1741 3977 ordo
1768 3889 1887 3975 insti·

175 4026 276 4086 nem
312 4010 513 4086 sanctum
547 4000 728 4085 Petrum
761 4000 1006 4086 Ecclesiam
1057 4009 1271 4108 tueretur,
1313 4005 1471 4113 quibus
1506 4009 1731 4113 praecipue
1768 4018 1889 4091 esset

174 4124 297 4200 tuam
319 4137 437 4198 nova
461 4113 588 4221 prole
615 4111 871 4200 ioecundare
898 4113 1005 4199 divi·
1058 4143 1163 4204 cura
1187 4123 1386 4226 captivos
1405 4116 1461 4203 ab
1484 4118 1726 4204 infidelium
1743 4123 1888 4226 tyran·

175 4226 293 4311 nitus
321 4224 524 4310 docuisti:
554 4226 693 4333 ipsius
719 4226 848 4312 nobis
872 4227 1004 4313 inter·
1057 4232 1161 4318 nide
1178 4230 1378 4318 liberare.
1405 4231 1521 4316 Huic
1536 4231 1707 4318 coelesti
1718 4232 1888 4317 monito

177 4340 375 4424 cessione
398 4337 611 4442 concede;
633 4341 851 4447 apeccati
871 4341 1004 4426 servi-
1057 4344 1177 4431 illico
1203 4345 1532 4453 obtemperans,
1556 4369 1644 4429 una
1668 4370 1767 4429 cum
1793 4369 1887 4429 san·

174 4459 269 4538 trite
289 4453 459 4555 solutis,
483 4453 528 4535 in
548 4451 718 4539 coelesti
740 4452 885 4561 patria
907 4479 1004 4562 per·
1058 4468 1131 4544 cto
1150 4457 1415 4566 Raymirndo
1440 4457 1495 4543 de
1512 4458 1732 4560 Peiraion,
1756 4467 1802 4541 et
1819 4456 1886 4540 Ja-

175 4570 311 4671 petua
327 4564 532 4652 libertate
548 4564 759 4670 gaudere:
781 4567 866 4669 Qui
884 4566 1006 4652 vivis.
1058 4571 1173 4658 cobo
1204 4573 1367 4680 primo,
1402 4596 1507 4676 rege
1540 4571 1795 4677 Aragoniae,
1832 4567 1887 4662 de

234 4701 439 4772 commem.
463 4698 588 4770 Feriae
612 4703 649 4768 et
672 4695 730 4767 Ss.
753 4694 975 4784 Martyrum.
1058 4686 1214 4772 eadem
1239 4711 1287 4772 re
1306 4711 1332 4770 a
1350 4686 1435 4771 Dei
1453 4685 1679 4776 Genitrice
1694 4685 1795 4792 ipsa
1812 4708 1886 4768 no·

231 4813 275 4881 ln
297 4813 325 4883 l.
349 4813 548 4883 Nocturno
573 4812 676 4881 Lect.
699 4805 843 4877 Beatus
863 4803 934 4875 vir,
959 4805 1007 4874 de
1058 4810 1128 4886 cte
1149 4799 1440 4907 praemonitis,
1463 4799 1721 4904 religionem
1742 4796 1887 4883 beatae

181 4907 384 4980 Communi
406 4911 436 4980 2.
460 4911 559 4982 1000·
1056 4912 1209 4998 Mariae
1237 4911 1293 4998 de
1320 4911 1526 4998 Mercede
1550 4910 1886 5019 Redemptionis

1058 5026 1346 5130 Captivorum
1397 5026 1604 5113 instituit:
1659 5023 1886 5112 sodalibus

211 5282 276 5509 [J
306 5391 364 5472 pe
383 5317 677 5452 Carcasonam
699 5367 745 5451 in
764 5367 910 5453 Gallia
928 5303 1004 5453 no:
1057 5371 1292 5474 potestate,
1317 5368 1356 5451 si
1372 5394 1456 5475 pro
1476 5367 1825 5452 Christianorum
1840 5365 1885 5448 li·

231 5486 246 5523 *
259 5482 267 5491 “’
307 5478 385 5564 bili
418 5483 579 5584 genere
614 5491 761 5581 natus,
797 5480 1006 5586 singulari
1057 5481 1285 5565 beratione
1305 5505 1420 5588 opus
1435 5482 1579 5567 luerit.
1673 5531 1676 5543 -

176 5616 281 5697 erga
304 5594 555 5701 proximum
578 5593 762 5680 caritate
787 5594 1005 5680 excelluit.
1111 5598 1163 5702 li.
1186 5593 1369 5680 Amavit
1386 5621 1499 5680 eum.
