4378 6202
177 693 274 780 Deo
297 695 547 796 inserviret,
575 704 621 781 et
645 693 731 801 piis
759 692 932 794 stodiis,
962 702 1007 779 et
1348 699 1500 786 Lectio
1520 705 1572 784 vi.

177 806 537 895 meditationibus
566 808 610 892 in
640 806 878 913 tranquillo
907 830 1006 891 sese
1131 839 1206 898 um
1225 823 1372 898 autem
1389 814 1758 918 Hermenegildus
1775 815 1886 901 Leo·

177 925 413 1010 exerceret.
453 921 541 1008 Sed
558 920 699 1007 noluit
716 922 839 1005 Deus
858 919 1004 1004 claris·
1165 925 1318 1031 vigssdi
1351 927 1487 1032 Regis
1523 927 1659 1032 filius,
1694 929 1886 1015 Leandri

176 1034 330 1119 simam
370 1036 550 1143 pietatis
585 1034 810 1120 lucernam
847 1032 892 1117 in
934 1059 1005 1118 oc·
1056 1039 1333 1125 sermonibus
1370 1044 1609 1126 conversus
1644 1042 1751 1129 fidei
1786 1069 1885 1129 con·

175 1147 294 1233 culto
326 1147 605 1247 delitescere,
642 1146 722 1233 sed
753 1148 798 1231 in
829 1147 1004 1250 fastigio
1056 1153 1292 1239 sessionem
1309 1152 1506 1256 glorioso
1525 1156 1748 1258 sanguinis
1765 1158 1885 1243 testi·

174 1260 388 1346 Ecclesiae
429 1261 622 1370 positam
656 1261 741 1346 toti
777 1260 1004 1367 Hispaniae
1055 1266 1205 1350 monio
1237 1265 1561 1369 confirmasset,
1592 1268 1886 1354 inflammatus

174 1372 431 1480 praelucere.
471 1373 587 1459 Nam
611 1373 747 1474 cler0,
773 1381 817 1458 et
834 1371 1004 1479 populo
1054 1404 1172 1464 novo
1191 1379 1340 1464 furore
1358 1390 1495 1487 pater,
1513 1381 1736 1466 Ecclesias
1754 1383 1886 1468 facul·

173 1491 463 1593 exposcente,
499 1512 525 1572 e
558 1486 827 1572 monasterio
862 1490 1004 1572 extra·
1054 1490 1235 1594 tatibus,
1260 1502 1304 1578 et
1321 1492 1577 1600 pastoribus
1596 1493 1786 1598 orbavit,
1805 1497 1885 1582 Le·

173 1611 285 1698 ctus,
322 1600 698 1709 Archiepiscopus
727 1599 1004 1706 Hispalensis
1056 1604 1195 1690 andro
1218 1606 1433 1712 inprimis
1457 1609 1593 1713 (cujus
1613 1619 1729 1695 esset
1747 1611 1887 1716 major

172 1717 349 1800 creatus
377 1724 455 1799 est.
1054 1719 1099 1802 in
1132 1719 1421 1827 propaganda
1456 1720 1668 1825 religione
1700 1725 1885 1807 auctori-

223 1856 274 1958 R,
298 1853 454 1938 Inveni
472 1849 629 1936 David,
1054 1842 1142 1936 tas,
1171 1843 1222 1964 'et
1253 1833 1403 1940 opera)
1433 1842 1485 1964 ,et
1521 1833 1618 1918 aliis
1649 1835 1886 1944 Episcopis

484 2019 636 2104 Lectio
657 2050 694 2102 v·
1055 1944 1650 2167 ostentatitiae
1663 1958 1885 2146 daila

173 2155 473 2372 susceptam
487 2171 733 2257 Ecclesiam
752 2171 871 2257 omni
889 2198 1004 2274 cura,
1056 2173 1197 2258 stibus
1222 2170 1360 2257 libere
1384 2171 1629 2274 decertare,
1655 2173 1784 2259 editis
1809 2173 1884 2260 do·

256 2297 303 2374 et
328 2285 627 2373 sollicitudine
654 2285 930 2390 gubernavit,
959 2296 1005 2372 et
1056 2285 1261 2371 ctissimis
1284 2286 1407 2371 libris
1426 2285 1586 2392 quibus
1610 2291 1762 2371 eorum
1787 2314 1884 2396 per·

172 2413 218 2486 ut
235 2405 408 2508 peritus
433 2403 643 2502 magister
665 2423 825 2483 navem
848 2400 893 2482 in
915 2403 1002 2484 me·
1055 2399 1207 2484 fidiam
1234 2399 1489 2484 confutavit.
1533 2398 1711 2485 Affnlsit
1738 2413 1884 2487 tamen

173 2511 255 2599 diis
272 2512 616 2621 tempestatibus
635 2510 802 2597 salvam
817 2538 1004 2620 semper,
1055 2511 1269 2599 Ecclesiae
1291 2521 1396 2620 post
1413 2510 1533 2595 illam
1551 2512 1714 2598 nubem
1733 2519 1885 2622 optata

173 2637 216 2712 et
241 2627 511 2711 incolumem
537 2623 593 2711 ab
621 2624 741 2708 omni
764 2625 1003 2732 impietatis
1056 2625 1280 2711 serenitas.
1321 2626 1419 2710 Rex
1443 2625 1560 2709 enim
1583 2650 1683 2710 cum
1705 2627 1750 2711 in
1771 2652 1884 2712 mor·

173 2744 325 2826 errore
352 2738 643 2825 conservavit.
691 2737 825 2839 Cleri,
854 2747 899 2824 et
925 2743 1003 2846 po·
1055 2738 1161 2823 bum
1199 2737 1447 2839 incidisset,
1492 2739 1573 2824 sub
1613 2750 1801 2824 mortem
1827 2741 1885 2824 ·in

173 2853 262 2960 puli
280 2878 431 2937 mores
450 2851 507 2936 ad
527 2852 794 2937 severiorem
814 2851 1003 2960 discipli·
1056 2851 1283 2936 meliorem
1301 2861 1493 2936 mentem
1511 2855 1728 2952 reversus,
1749 2853 1884 2938 Lean-

172 2991 271 3050 nam
300 2966 505 3052 correxit
545 2965 766 3051 Solemnis
789 2964 1003 3050 Ecclesiae
1057 2964 1185 3050 drum
1209 2990 1308 3050 cum
1328 2965 1424 3049 aliis
1442 2965 1679 3074 Episcopis
1698 2965 1753 3053 ab
1774 2973 1885 3053 exsi-

173 3077 336 3180 officia,
362 3078 663 3185 hymnodiam,
691 3103 830 3163 sacrae
854 3078 1003 3164 Missae
1056 3077 1116 3162 lio
1140 3079 1339 3162 revocari
1357 3079 1495 3184 jussit,
1522 3083 1650 3186 eique
1667 3080 1886 3166 Recaredi

172 3193 298 3294 ritus,
332 3196 593 3301 precesque,
628 3192 785 3299 quibus
814 3218 868 3277 eo
895 3195 1002 3278 tem·
1056 3193 1135 3277 lilii
1151 3217 1303 3276 curam
1322 3189 1456 3296 dedit,
1475 3191 1567 3276 filio
1587 3193 1718 3277 etiam
1736 3193 1886 3280 Eccle-

172 3304 1003 3507 tlttattntdltttloitllt
1057 3304 1659 3524 tatrlttttttltttti
1680 3308 1886 3521 ilasi?

411 3483 420 3519 r
660 3483 669 3522 r
872 3483 881 3500 ·
1631 3482 1639 3500 ·

172 3533 335 3633 nachis,
360 3541 404 3617 et
427 3531 563 3617 sacris
583 3531 823 3636 virginibus
841 3536 1003 3639 praece-
1056 3532 1208 3615 foncto
1232 3539 1360 3636 patre
1386 3529 1486 3637 pius
1511 3531 1609 3615 Rex
1629 3532 1886 3646 Recaredus

172 3655 248 3754 pta
295 3647 430 3734 dedit.
489 3644 642 3732 Rebus
684 3645 897 3730 Ecclesiae
942 3646 1005 3730 ita
1056 3642 1262 3730 Leandro
1299 3649 1479 3728 auctore
1513 3645 1718 3751 perfecit3
1763 3649 1886 3752 cujus

174 3761 450 3869 compositis,
470 3759 901 3868 Constantinopolim
919 3785 1002 3867 pro
1057 3758 1226 3842 efficaci
1253 3755 1456 3842 doctrina
1481 3757 1641 3842 Gothis
1667 3757 1725 3842 ad
1751 3758 1887 3845 fidem

174 3875 317 3958 causis
335 3872 440 3958 fidei
458 3871 794 3976 Visigothorum
811 3873 1004 3976 Legatos
1057 3871 1296 3972 conversis,
1320 3871 1549 3977 Hispaniae
1568 3872 1818 3980 Episcopos
1841 3874 1886 3958 in

173 3987 399 4092 profectus
423 3997 506 4071 est:
529 3984 604 4071 ubi
628 3984 688 4072 ob
712 3986 915 4070 eximiam
939 4011 1002 4071 re·
1056 3986 1318 4071 Toletanam
1354 3983 1579 4091 Synodum
1627 3987 1717 4090 eius
1754 3987 1886 4072 etiam

174 4097 395 4201 ligionem,
428 4108 472 4184 et
504 4098 750 4192 doctrinam
779 4097 927 4184 multis
959 4101 1003 4183 in
1057 4103 1194 4208 opera
1212 4105 1449 4184 convenire
1468 4098 1582 4182 fecit.
1611 4100 1663 4181 ln
1683 4125 1771 4207 qua
1789 4127 1884 4186 san·

175 4235 330 4318 magna
361 4213 442 4298 fuit
473 4211 812 4314 existimatione,
849 4223 1002 4298 sancto
1056 4225 1152 4298 ctus
1170 4213 1341 4297 Doctor
1365 4211 1690 4317 elegantissima
1712 4215 1884 4298 concio-

177 4323 392 4431 Gregorio
423 4329 651 4434 praecipue
682 4334 788 4409 tunc
814 4325 1003 4410 Romani
1057 4353 1112 4412 ne
1130 4325 1461 4430 congratulatus
1479 4336 1558 4429 est,
1581 4325 1808 4433 multaque
1827 4327 1885 4412 ad

177 4437 399 4524 Pontificio
451 4439 757 4546 Apocrisario,
812 4463 1003 4546 quocum
1055 4440 1188 4525 fidem
1208 4451 1252 4526 et
1272 4438 1550 4547 disciplinam
1562 4439 1774 4524 Ecclesiae
1789 4467 1884 4523 san·

177 4577 331 4656 magna
358 4553 399 4637 ei
423 4551 723 4655 necessitudo,
752 4561 795 4636 et
822 4552 1002 4638 familia·
1057 4553 1276 4654 ciendum,
1303 4563 1397 4638 tum
1422 4554 1467 4636 in
1490 4577 1543 4639 ea
1568 4552 1765 4659 Synod0,
1791 4562 1885 4638 tum

178 4662 278 4749 ritas
304 4667 390 4770 iam
413 4664 515 4750 inde
540 4665 800 4751 intercessit.
844 4671 885 4750 A
914 4691 1003 4772 quo
1055 4669 1100 4751 in
1119 4667 1272 4767 altera,
1298 4693 1428 4775 quam
1447 4671 1605 4776 postea
1624 4665 1798 4773 Hispali
1817 4691 1884 4751 ce·

178 4781 327 4882 postea
367 4777 426 4863 ad
461 4778 707 4864 Romanam
742 4778 902 4864 Sedem
937 4805 1002 4864 as·
1055 4781 1252 4881 lebravit,
1271 4779 1579 4866 constituenda
1592 4780 1773 4865 curavit.
1799 4781 1884 4866 De·

179 4897 369 4998 sumpto,
399 4891 496 5000 ipse
528 4891 573 4974 in
604 4890 847 4977 Ecclesiam
878 4916 1003 4977 suam
1055 4920 1175 4978 mum
1198 4892 1408 4998 religione
1427 4893 1646 4994 restituita,
1673 4901 1717 4977 et
1734 4892 1884 4978 Eccle-

178 5007 374 5089 reversus
405 5005 660 5113 frequentes
691 5004 877 5106 litteras,
908 5009 1001 5090 eas·
1055 5009 1132 5092 siae
1152 5032 1262 5114 pace
1284 5007 1471 5108 firmata,
1494 5007 1580 5111 jam
1598 5006 1883 5109 octogenario

180 5139 259 5220 que
281 5116 601 5204 benevolentiae
623 5116 795 5226 plenas,
819 5135 863 5203 et
879 5117 1002 5225 pallii
1054 5122 1207 5226 major,
1232 5146 1333 5206 cum
1354 5119 1599 5205 Ecclesiam
1625 5116 1883 5225 quadragin-

180 5233 495 5332 omamentum,
531 5242 576 5317 et
610 5231 803 5316 morales
837 5231 881 5314 in
916 5230 1000 5318 Job
1053 5244 1117 5336 ta,
1139 5243 1184 5319 et
1203 5233 1392 5342 amplius
1410 5257 1548 5316 annon
1567 5237 1769 5335 rexisset,
1788 5258 1882 5315 san·

179 5345 521 5449 commentarios,
539 5370 620 5430 suo
638 5351 796 5451 rogatu
811 5349 1000 5431 conscri-
1055 5359 1145 5448 ct0,
1170 5359 1214 5434 et
1236 5345 1484 5433 admirabili
1505 5345 1628 5446 vitae,
1653 5371 1705 5430 ac
1728 5345 1883 5429 mortis

179 5467 275 5560 ptos
302 5459 484 5566 accepit.
1055 5461 1269 5570 exemplo,
1286 5461 1418 5546 tertio
1436 5458 1543 5543 Idus
1561 5459 1708 5544 Martii
1725 5458 1882 5560 migra·

226 5573 272 5676 ll.
300 5572 434 5658 Posui
452 5571 728 5679 adjutorium
1052 5575 1116 5659 vit
1140 5574 1198 5661 ad
1222 5573 1469 5659 Dominum
1512 5571 1722 5679 Sepultus
1746 5580 1813 5656 est
1837 5570 1882 5655 in
