4290 6188
970 493 1085 564 Festa
1108 493 1246 565 Martii.
1271 493 1325 581 (6.)
1382 587 1388 598 ¹

292 686 487 794 pericula
523 687 742 788 dismissa,
786 697 831 773 et
865 687 1116 774 felicitdtem
1167 714 1282 796 pcnc
1313 691 1604 775 monasticam
1643 687 1912 797 aliquamdiu
1944 716 1995 775 se

291 800 475 907 imperio
503 800 796 886 constitutam.
847 799 981 885 Domi
1010 804 1115 884 assi·
1169 803 1398 907 continuit;
1418 829 1520 889 cum
1536 828 1643 889 vero
1661 803 1846 890 felicitas
1860 804 1995 910 impe·

292 911 386 998 dua
411 913 653 1022 disciplinae
684 913 902 1015 exactrix,
933 939 1030 998 eam
1057 913 1116 998 vi·
1167 915 1221 999 rii
1243 942 1451 1002 unacum
1474 942 1527 1001 ea
1551 916 1788 1018 exsularet,
1812 942 1838 1000 a
1861 917 1996 1002 fratre

264 1117 268 1136 ¹
292 1025 423 1114 vendi
444 1026 631 1112 formam
652 1027 841 1129 induxit,
865 1035 914 1112 ut
935 1026 1010 1111 illa
1031 1028 1117 1133 jam
1169 1033 1393 1130 accersita,
1412 1029 1488 1116 ubi
1501 1029 1656 1116 deesse
1670 1027 1781 1116 vidit
1796 1031 1871 1136 qui
1884 1033 1997 1137 prae-

290 1164 379 1224 non
406 1138 505 1223 aula
530 1140 864 1247 imperaturum,
892 1138 972 1225 sed
999 1165 1116 1225 ascc·
1169 1141 1228 1226 lia
1258 1142 1437 1228 deini
1470 1147 1706 1252 pugnaret,
1741 1141 1999 1229 Debbdram

289 1252 448 1338 terium
473 1253 606 1357 vulgo
635 1253 865 1340 diceretur.
912 1252 1116 1339 Theodd-
1168 1255 1357 1360 imitdta,
1389 1255 1479 1344 fidc
1512 1283 1564 1345 ac
1589 1258 1801 1362 religidne
1828 1261 2000 1342 armata

293 1366 405 1451 sium
424 1366 611 1468 fratrem,
630 1365 888 1469 Euddxiam,
906 1391 1039 1475 quam
1055 1367 1117 1451 illi
1168 1372 1397 1475 processit,
1418 1380 1462 1457 ct
1479 1371 1625 1456 missis
1642 1372 1687 1455 in
1705 1396 1882 1457 omnem
1898 1395 1999 1477 par·

292 1479 570 1574 matrimdnio
605 1479 951 1586 conjungendam
996 1483 1116 1565 cura·
1169 1491 1259 1567 tem
1277 1484 1478 1590 epistolis
1500 1482 1738 1586 hortand0,
1761 1481 2001 1583 monend0,

289 1592 372 1695 vit,
402 1591 673 1695 Flaccillam,
705 1592 962 1695 Arcadiam,
989 1593 1115 1678 Mari·
1168 1595 1420 1701 minitdnd0,
1438 1623 1527 1683 non
1544 1597 1756 1705 pecuniae,
1773 1595 2000 1682 nonlabd·

290 1731 391 1790 nam
426 1708 603 1791 sordres
637 1706 699 1791 ita
734 1705 959 1793 imbuebat
988 1705 1117 1793 bonis
1169 1708 1289 1796 ribus
1312 1709 1529 1816 parcens,
1569 1709 1702 1816 digna
1738 1711 1896 1797 effecta
1930 1721 2003 1796 cst

289 1818 506 1921 moribus,
542 1818 865 1928 exercebdtque
897 1820 956 1906 ad
985 1822 1117 1908 virtui-
1170 1848 1301 1929 quam
1313 1823 1467 1911 Patres
1482 1823 1657 1909 concilii
1671 1821 2001 1911 Chalcedonen-

289 1944 395 2035 tem,
418 1942 467 2018 ut
491 1931 650 2038 quibus
674 1937 810 2047 aetate
825 1959 914 2020 non
931 1933 1118 2020 multum
1169 1936 1229 2020 sis
1255 1963 1342 2021 una
1370 1937 1564 2022 Omnium
1588 1962 1700 2024 voce
1725 1946 1858 2046 atque
1887 1962 2000 2044 prae·

291 2044 552 2153 praestabat,
583 2050 736 2133 eurum
764 2045 1035 2134 moderatrix
1065 2073 1118 2133 ac
1170 2050 1299 2135 cdnio
1330 2047 1560 2136 custddcm
1590 2050 1714 2152 fidei,
1744 2051 1868 2158 pacis
1895 2075 1999 2136 con·

289 2157 612 2268 propemodum
644 2171 788 2246 matcr
822 2186 920 2246 esse
950 2158 1117 2248 videre·
1169 2162 1439 2266 ciliatricem,
1464 2164 1752 2272 expultricem
1769 2163 2002 2250 haereticd-

290 2281 372 2356 tur.
397 2272 493 2374 Qua
506 2273 779 2378 institutidne
793 2277 969 2360 sordres
984 2299 1116 2380 quan·
1168 2301 1283 2379 rum,
1319 2277 1459 2385 piam,
1494 2275 1806 2380 orthoddxam,
1836 2301 2002 2362 novam

289 2393 384 2470 tum
411 2384 699 2492 profecerint,
730 2386 802 2472 vel
831 2411 886 2472 ex
916 2386 1003 2473 hoc
1025 2414 1117 2474 uno
1167 2389 1384 2475 Helenam
1423 2391 1555 2496 (sicut
1586 2389 1857 2477 Marcianum
1893 2400 2001 2475 tunc

288 2497 472 2602 intelligi
497 2508 664 2607 potest,
681 2499 814 2605 quod
840 2498 1117 2587 Pulcheriam
1167 2503 1479 2610 imperatdrem
1529 2530 1693 2590 novum
1747 2503 2002 2590 Constanti-

289 2610 489 2712 imitatae,
512 2636 559 2697 se
584 2617 797 2720 suamquc
822 2615 1117 2718 virginitatem
1167 2619 1285 2722 num)
1323 2618 1667 2721 commutarent,
1706 2620 1867 2723 cuique
1903 2641 2003 2700 san·

289 2724 387 2809 Deo
422 2723 714 2812 devoverunt:
749 2736 883 2834 utque
914 2728 1117 2833 Augusta
1169 2740 1266 2817 ctus
1300 2731 1393 2817 Leo
1425 2735 1562 2817 totius
1595 2731 1811 2815 Romanae
1845 2728 2002 2815 Eccle-

289 2838 413 2942 virgo
432 2843 508 2940 ea,'
521 2864 620 2945 quae
640 2839 909 2945 decreverat,
929 2843 1116 2951 amplius
1168 2842 1246 2928 siae
1280 2843 1455 2929 ndminc
1489 2842 1725 2950 plurimum
1759 2841 2002 2945 gratulare·

290 2949 587 3052 confirmarct,
615 2957 855 3060 omnesque
878 2953 1117 3043 voluntatis
1168 2957 1258 3058 tur,
1300 2959 1480 3065 ejusque
1523 2981 1656 3040 causa
1693 2955 1915 3042 exsultare
1952 2981 2003 3040 se

290 3088 382 3146 suae
401 3072 539 3148 testes
556 3062 748 3166 haberet
767 3092 822 3150 cx
841 3092 947 3153 auro
962 3077 1007 3154 et
1020 3095 1116 3176 pre·
1168 3069 1349 3174 diceret,
1371 3095 1423 3155 ac
1441 3068 1572 3175 digna
1590 3069 1689 3154 Deo
1708 3078 1813 3153 vota
1829 3068 2002 3176 persdl·

289 3176 415 3262 tidsis
432 3175 653 3284 lapidibus
672 3204 844 3263 sacram
861 3206 1057 3266 mensam
1072 3183 1117 3266 in
1167 3207 1287 3285 vere,
1314 3182 1435 3288 quod
1453 3182 1509 3269 de
1525 3181 1788 3268 Nestoriana
1806 3181 2003 3288 primum

290 3289 476 3375 ccclesia
512 3289 998 3399 constantinopolitana
1032 3322 1115 3402 pro
1166 3296 1413 3403 impietate,
1441 3321 1548 3381 mox
1580 3295 1637 3381 dc
1667 3294 1835 3380 nefario
1863 3294 2001 3402 Euty·

288 3402 536 3507 virginitdte
569 3429 647 3489 sua
679 3413 724 3490 ct
755 3404 901 3491 fratris
930 3409 1116 3518 imperio
1168 3408 1306 3495 chetis
1325 3412 1474 3495 crrdre
1498 3412 1747 3516 perempto,
1773 3404 2003 3514 duplicem

290 3512 527 3617 dedicavit,
552 3527 597 3602 et
619 3517 664 3600 in
682 3517 825 3603 fronte
843 3519 982 3625 ipsius
997 3547 1115 3608 men·
1166 3521 1229 3606 illi
1260 3531 1305 3608 et
1337 3522 1529 3631 palmam
1563 3521 1811 3606 contrilerat
1843 3530 1889 3606 ct
1925 3545 2000 3606 co·

290 3654 352 3713 sae
370 3626 468 3713 haec
486 3628 891 3739 eademinscripsit.
1167 3640 1330 3722 rdnam.
1387 3635 1439 3739 liz.
1462 3635 1666 3720 Dilexisti
1685 3633 1905 3742 justitiam.

345 3733 398 3840 Re·
416 3742 606 3848 Propter
623 3743 864 3830 veritatem.
1472 3747 1624 3832 Lectio
1644 3750 1698 3832 vi.

601 3848 811 3932 Lectiov·
1172 3853 1438 4063 unchae
1461 3869 1598 3947 tantae
1621 3863 1824 3945 curarum
1842 3856 1999 3957 moles

377 3968 489 4053 ctior
514 3978 660 4055 autem
681 3972 773 4077 ejus
796 3972 841 4055 in
858 3971 1114 4059 Theoddsio
1289 3998 1398 4082 quas
1425 3975 1671 4080 praesertim
1697 3974 1741 4057 in
1766 3970 1999 4078 Ephesino

401 4081 657 4170 instruendo
686 4084 823 4172 elrixit
850 4111 970 4189 cura;
998 4094 1114 4171 erim·
1167 4113 1219 4173 ac
1243 4087 1590 4174 Chalcedonensi
1613 4085 1809 4172 conciliis
1833 4085 1998 4169 Roma·

291 4219 393 4302 que,
415 4193 491 4278 ubi
509 4220 622 4302 opus
644 4208 776 4301 esset,
798 4199 908 4283 mira
926 4199 1117 4306 quadam
1165 4205 1322 4287 mirum
1333 4200 1598 4287 Pontificum
1611 4200 1875 4286 auctoritate
1893 4223 1997 4284 con·

291 4307 553 4395 dexteritate
567 4311 830 4417 corrigebas
850 4315 923 4419 qui
939 4313 1116 4419 quidem
1165 4316 1352 4420 vocatis,
1370 4315 1620 4400 necessario
1640 4315 1918 4420 susceperat,
1934 4316 1997 4396 ni·

289 4422 389 4508 talis
421 4429 490 4506 est
523 4422 725 4527 effectus,
764 4437 813 4511 ut
847 4425 1114 4513 absolutissi-
1165 4429 1255 4514 hilo
1274 4429 1394 4514 illam
1406 4427 1465 4513 ad
1480 4432 1626 4514 cetera
1641 4425 1891 4512 christianae
1904 4425 1996 4532 pic-

289 4561 407 4620 mum
454 4537 609 4642 ‹iptimi
652 4541 844 4645 vereque
892 4539 1117 4626 christiani
1165 4543 1269 4628 tatis
1288 4541 1431 4627 officia
1446 4538 1653 4627 obeunda
1666 4539 1809 4625 fecere
1823 4538 1996 4642 segnid

159 4672 164 4680 ’
289 4647 500 4755 principis
543 4651 770 4759 exemplar
811 4652 961 4756 fierit,
1011 4652 1117 4741 dum
1165 4681 1270 4740 rem.
1328 4651 1520 4740 Assiduc
1562 4652 1807 4738 coelestium
1846 4676 1995 4736 rerum

159 4848 161 4852 ,
289 4758 532 4846 Pulcheriae
558 4764 750 4848 consiliis
774 4774 842 4851 est
866 4765 1117 4854 obsecutus.
1167 4767 1558 4877 contemplatione,
1600 4769 1827 4851 sacrdrum
1861 4762 1994 4849 librd·

288 4875 398 4959 Post
412 4873 659 4960 diuturnam
674 4878 922 4965 cumfratre
937 4885 1115 4966 concdr·
1166 4906 1263 4966 rum
1287 4880 1492 4981 lectidnc,
1523 4879 1722 4988 cdrporis
1749 4877 1994 4963 afflictatid·

291 4984 425 5088 diam,
451 4987 591 5074 turbis
616 4991 936 5077 malevoldrum
961 4994 1116 5081 fraude
1166 4994 1294 5080 nibus
1320 5003 1478 5101 sponte
1504 4990 1721 5101 susceptis
1745 5016 1795 5077 sc
1819 4994 1993 5076 exerce·

290 5111 423 5207 atquc
450 5101 771 5190 obtrectatione
797 5105 841 5189 in
873 5105 972 5192 aula
1003 5108 1116 5193 cxci·
1166 5107 1258 5210 bat;
1274 5107 1476 5193 Psalmos
1492 5106 1547 5193 de
1562 5116 1694 5191 nocte
1709 5129 1893 5208 surgens
1907 5128 1995 5188 una

288 5215 410 5315 tatis,
435 5223 610 5322 tempus
635 5227 781 5322 nacta,
809 5243 898 5324 quo
926 5218 1010 5305 sibi
1031 5221 1116 5326 jam
1167 5247 1268 5308 cum
1284 5221 1417 5325 regiae
1435 5220 1610 5305 familiae
1628 5217 1902 5327 principibus
1921 5216 1993 5301 de·

289 5328 379 5430 uni,
401 5327 588 5436 Dedque
606 5337 765 5417 vacare
781 5343 951 5441 posset,
975 5338 1115 5419 seces·
1168 5332 1388 5420 cantdbat:
1413 5334 1502 5421 Dei
1519 5358 1571 5417 ac
1589 5333 1850 5418 Sanctdrum
1871 5333 1994 5437 (quo-

290 5441 409 5526 sitin
425 5441 720 5546 Hebdomum,
738 5443 885 5530 locum
900 5445 1115 5553 Byzantio
1166 5473 1263 5531 rum
1295 5457 1340 5532 et
1374 5446 1598 5554 colldquio
1632 5469 1723 5532 non
1758 5443 1897 5530 semel
1932 5441 1993 5530 di·

291 5551 607 5658 suburbanum,
637 5556 787 5664 ibique
817 5558 954 5644 vitam
983 5583 1118 5663 agens
1165 5565 1300 5664 gnata
1343 5561 1425 5665 est)
1469 5560 1627 5645 cultrix
1671 5558 1848 5660 eximia;
1892 5579 1993 5662 quae
