4402 6190
679 509 683 518 ’
835 523 952 594 Festa
975 523 1225 611 Septembris.
1251 525 1306 610 (4.)

211 704 348 817 Nunc,
364 714 491 817 Diva,
510 715 595 799 flos
614 714 873 818 coelestium',
1094 718 1168 804 dio
1183 715 1437 824 adimplebo
1456 715 1572 801 lilios
1586 725 1699 802 tuos.
1739 707 1791 807 it:
1806 716 1928 803 Leva

259 828 446 913 Sumens
464 852 623 934 preces
641 829 905 931 monilium,
1095 831 1249 917 oculos
1267 841 1369 916 tuos
1386 831 1432 914 in
1445 840 1630 933 montes,
1647 829 1766 916 unde
1781 830 1929 917 veniet

260 939 480 1043 Absterge
499 936 656 1026 sordes
676 943 916 1046 criminum,
1093 945 1303 1030 auxilium
1320 942 1413 1030 tibi.
1439 943 1503 1026 ln.

260 1053 320 1139 Ut
340 1049 507 1137 candor
524 1053 628 1137 insit
646 1053 855 1140 moribus.
1167 1089 1321 1173 Lectio
1341 1088 1381 1169 ji·
1704 1087 1861 1192 0313ss⁸

211 1183 248 1268 Ρ
246 1191 342 1321 aiii,
353 1191 581 1329 'Sifflfilque
599 1191 724 1294 Filio,
757 1307 766 1324 ⁸
1181 1220 1249 1305 uis
1272 1221 1379 1305 mihi
1403 1220 1480 1306 det
1504 1231 1550 1306 te
1575 1221 1757 1306 fratrem
1780 1246 1930 1305 meum

259 1303 463 1435 T.¹b¹q¹¹⁰3
483 1312 634 1437 sancte
651 1306 852 1436 Spintus,
1210 1337 1442 1437 sugentem
1465 1331 1604 1418 ubera
1628 1333 1781 1422 matris
1806 1358 1929 1435 meae,

259 1415 744 1522 S10utfu¹t2⁸¹tts18¹ief
1045 1497 1047 1504 -
1092 1453 1143 1530 ut
1169 1445 1391 1530 inveniam
1416 1454 1462 1530 te
1488 1445 1596 1530 foris
1624 1454 1669 1532 et
1695 1444 1931 1530 deosculer

261 1528 450 1615 Saeclum
469 1554 549 1636 Ρθῐ
569 1553 699 1616 omne
717 1532 868 1636 ἕῙόῐὶἱῑ·
1092 1567 1149 1657 te,
1170 1568 1215 1643 et
1232 1559 1320 1663 jam
1335 1581 1406 1642 me
1420 1581 1551 1643 nemo
1568 1554 1810 1664 despiciat?
1838 1559 1929 1665 Ap·

520 1645 674 1729 Amen·
1092 1669 1365 1775 prehendam
1384 1679 1429 1754 te
1449 1678 1494 1756 et
1508 1667 1729 1754 ducamin
1749 1667 1931 1754 domum

458 1794 508 1872 In
525 1793 556 1872 Ι.
575 1791 800 1874 Nocturno.
1093 1782 1247 1866 matris
1281 1775 1412 1868 meae:
1447 1782 1510 1869 ibi
1542 1807 1615 1868 me
1648 1779 1850 1882 docebis,
1886 1790 1932 1867 et
2017 1833 2020 1843 ·

263 1925 365 2007 Ant,
387 1923 503 2014 Audi
516 1895 618 2034 fflia]
633 1941 678 2018 et
693 1929 806 2035 vide,
826 1942 870 2018 et
883 1931 1044 2016 inclina
1095 1893 1212 1980 dabo
1232 1895 1313 1980 tibi
1330 1895 1542 2003 poculum
1555 1920 1611 1981 ex
1625 1895 1728 1978 vino
1748 1894 1930 2022 condito

208 2068 360 2128 aurem
384 2053 522 2145 tuam,
546 2053 592 2130 et
617 2044 878 2131 obliviscere
902 2049 1041 2176 popu·
1094 2017 1139 2092 et
1168 2017 1364 2092 mustum
1396 2007 1614 2094 mmmm
1645 2010 1931 2112 ssrflssafflrum

208 2156 299 2240 lum
316 2166 452 2257 tuum,
470 2167 516 2242 et
535 2156 716 2244 domum
733 2158 873 2265 patris
891 2168 966 2243 tur.
1093 2125 1304 2207 mmmm·
1356 2120 1493 2206 Lael'fl
1522 2121 1621 2258 ,θὶξῑθ
1661 2118 1744 2205 sub
1785 2119 1931 2250 cipit?

262 2283 409 2354 Psalmi
429 2282 545 2352 trium
561 2281 850 2351 Nocturnorum
867 2281 915 2350 de
933 2281 1045 2350 Com·
1092 2260 1210 2336 me⁰²
1239 2242 1285 2319 et
1310 2232 1496 2319 dextera
1518 2232 1635 2320 flhus
1661 2231 1930 2341 amplexam·

211 2381 318 2449 muni
333 2379 440 2466 virg.
1093 2356 1167 2432 tur
1190 2373 1273 2433 me.
1318 2345 1930 2454 Adjurovos,filiaeJer1isa·

225 2531 239 2554 .
265 2492 366 2575 Ant,
396 2490 690 2602 concupiscet
712 2497 810 2582 Rex
835 2496 1044 2583 decorem
1093 2459 1198 2590 leni,
1224 2485 1279 2590 ne
1297 2459 1537 2592 suscitetis,
1556 2483 1711 2590 neque·
1721 2458 1932 2589 evigilare

208 2620 332 2695 tuum
376 2606 560 2695 Rogana
610 2609 818 2714 quoniam
849 2610 947 2716 ipse
975 2618 1044 2695 est
1093 2572 1264 2658 sacrans
1290 2571 1512 2673 dilectam,
1538 2570 1681 2657 donec
1698 2596 1797 2679 ipsa
1814 2571 1932 2657 veht.

207 2674 424 2806 Dominus
443 2671 698 2806 Deus'tuus·
1094 2688 1205 2789 Quae
1229 2694 1296 2770 est
1318 2685 1404 2771 ista
1428 2710 1529 2791 quae
1551 2681 1752 2771 ascendit
1774 2683 1833 2770 de
1857 2682 1930 2768 de·

1094 2801 1214 2884 serto
1234 2795 1403 2884 deliciis
1418 2797 1615 2900 affluens,
1633 2797 1784 2882 innixa
1798 2821 1932 2904 super

1094 2910 1305 2997 dilectum
1323 2907 1475 2996 suum?

1150 3035 1203 3140 li.
1222 3041 1276 3125 ln
1309 3042 1494 3129 caritate
1527 3044 1745 3150 perpetua
1775 3041 1932 3128 dilexit

1095 3154 1326 3240 Rosaliam
1351 3156 1587 3258 Dominus3
1619 3153 1722 3241 ideo
1750 3155 1932 3242 attraxit

1095 3294 1210 3371 eam,
1235 3279 1280 3354 et
1299 3264 1425 3354 duxit
1442 3267 1487 3352 in
1510 3266 1812 3354 solitudinem:
1834 3263 1931 3354 *Et

1093 3381 1270 3467 locutus
1294 3380 1439 3467 estad
1458 3406 1536 3466 cor
1554 3381 1658 3486 ejus.
1714 3361 1766 3468 l'f·
1789 3380 1928 3487 Spon-

527 3593 580 3613 ..
749 3591 758 3610 .
802 3595 811 3615 ‚
1095 3494 1210 3578 savit
1237 3518 1335 3580 eam
1360 3493 1446 3580 sibi
1469 3495 1514 3578 in
1541 3493 1858 3601 sempiternum
1884 3493 1931 3576 in

316 3587 384 3679 De
412 3591 606 3678 Cfintlcls
634 3592 927 3678 CanthOrum·
1093 3605 1194 3708 fide,
1214 3614 1259 3691 et
1275 3605 1321 3690 in
1338 3605 1654 3693 misericordia.
1681 3604 1750 3691 Et

289 3723 443 3808 LectiO
463 3725 509 3806 i.·
810 3721 912 3826 Cap·
928 3725 965 3804 2·
1401 3736 1557 3819 Lectio
1576 3736 1632 3818 iii.

220 3876 273 3971 ᾗς
294 3888 385 3968 go
410 3863 496 3948 flos
520 3865 681 3971 campi,
707 3861 915 3948 etlilium
939 3884 1041 3946 con·
1099 3849 1266 4063 Pone
1299 3892 1370 3952 me
1402 3876 1451 3952 ut
1487 3865 1762 3975 signaculum
1796 3888 1932 3973 super

224 3978 271 4075 5³1
354 3977 544 4064 Villium·
598 3977 720 4062 Sicut
755 3975 895 4059 lilium
929 3973 1044 4061 inter
1213 4006 1291 4067 cor
1317 3989 1460 4085 tuum,
1487 3991 1537 4069 ut
1563 3979 1837 4083 signaculum
1862 4005 1930 4062 su-

224 4090 249 4135 '³
354 4091 906 4199 spiss282810³micame³
929 4087 1043 4172 inter
1094 4122 1176 4204 per
1210 4093 1442 4182 brachium
1475 4105 1620 4182 tuum:
1666 4093 1769 4199 quia
1803 4091 1931 4177 fortis

208 4203 332 4288 filias.
377 4205 498 4290 Sicut
524 4204 667 4290 malus
692 4205 807 4288 inter
831 4200 949 4305 ligna
973 4199 1043 4284 sil·
1096 4219 1164 4296 est
1180 4219 1231 4294 ut
1249 4233 1371 4293 mors
1391 4207 1586 4307 dilectio,
1606 4206 1718 4291 dura
1737 4205 1854 4291 sicut
1870 4203 1931 4287 in·

207 4322 381 4420 varum,
406 4318 472 4403 8ἰο
496 4315 684 4403 diffictus
709 4341 834 4402 meus
857 4315 971 4400 inter
994 4313 1042 4398 fl·
1094 4322 1245 4409 fernus
1282 4321 1526 4408 aemulatio:
1566 4317 1797 4428 lampades
1839 4319 1932 4423 ejus

206 4430 301 4516 lios.
341 4428 431 4516 Sub
452 4429 609 4514 umbra
627 4429 755 4530 illius,
780 4447 913 4534 quem
931 4424 1042 4511 desi·
1094 4433 1323 4542 lampades
1349 4435 1462 4539 ignis
1485 4442 1620 4540 atque
1645 4433 1931 4517 flammatum.

208 4542 485 4643 dertveram,
519 4540 634 4643 sedi,
670 4551 716 4626 et
747 4541 915 4626 tructus
950 4542 1043 4644 ejus
1095 4547 1239 4653 Aquae
1274 4545 1426 4633 multae
1460 4571 1551 4632 non
1584 4549 1825 4653 potuerunt
1858 4567 1929 4628 ex-

207 4654 349 4741 dulcis
366 4655 535 4762 gutturi
553 4679 665 4741 meo.
702 4650 954 4739 lntrodiixit
971 4676 1043 4737 me
1095 4666 1317 4764 stinguere
1351 4659 1601 4762 caritatem,
1636 4682 1719 4742 nec
1750 4655 1931 4742 flumina

205 4772 251 4854 in
286 4770 443 4856 cellam
475 4769 706 4870 vinariam,
744 4765 966 4852 ordinavit
998 4765 1043 4849 in
1096 4772 1285 4859 obruent
1323 4771 1454 4858 illam.
1506 4772 1554 4857 Si
1589 4769 1763 4860 dederit
1794 4767 1929 4855 homo

206 4911 277 4970 me
297 4885 537 4969 caritatem.
567 4881 738 4967 Fulcite
755 4905 827 4964 me
845 4877 1042 4977 floribus,
1096 4911 1271 4973 omnem
1308 4885 1602 4972 substantiam
1638 4883 1797 4968 domus
1837 4908 1930 4969 suae

207 4997 372 5106 stipate
394 5021 466 5082 me
483 4993 628 5095 malis,
653 4993 757 5099 quia
781 4995 931 5076 amore
952 4990 1041 5075 ltn-
1093 5025 1178 5106 pro
1206 4997 1461 5100 dilectione,
1495 4997 1622 5104 quasi
1649 4995 1758 5080 nihil
1785 4994 1929 5103 despi-

207 5135 334 5214 gueo.
1095 5113 1181 5199 ciet
1197 5135 1306 5198 eam.

265 5231 316 5335 li·
337 5240 443 5326 Noli
473 5239 645 5339 timere,
672 5246 812 5322 mater
839 5234 1042 5336 filiorum,
1150 5227 1202 5330 Ii·
1224 5231 1466 5320 Benedicta
1493 5244 1637 5336 estu,
1670 5231 1873 5335 Rosalia,
1904 5255 1931 5315 a

208 5353 316 5441 dicit
345 5354 581 5454 Dominus,
613 5349 823 5457 quoniam
852 5348 1043 5434 sanctifi·
1094 5347 1286 5433 Domino
1313 5347 1413 5431 Deo
1441 5344 1637 5447 excelso,
1666 5346 1743 5453 qui
1767 5368 1930 5430 nomen

209 5469 325 5570 civi,
355 5476 400 5553 et
427 5465 586 5576 paravi
610 5474 802 5564 montes,
829 5461 1043 5548 habentes
1095 5471 1220 5545 tuum
1246 5460 1308 5546 ita
1334 5457 1649 5563 magnificavit,
1675 5468 1725 5543 ut
1752 5483 1841 5542 non
1864 5481 1929 5542 re·

209 5605 374 5685 rosam,
398 5591 443 5665 et
466 5572 622 5664 lilium:
641 5567 664 5614 *
683 5577 737 5660 ln
762 5574 920 5707 quibus
939 5581 1042 5678 gaii-
1095 5571 1225 5661 ctdat
1257 5572 1353 5659 laus
1383 5583 1460 5658 tua
1490 5570 1547 5658 de
1581 5597 1660 5659 ore
1686 5570 1931 5657 hominum:

102 2859 110 2870 ·
262 2849 363 2930 Ant.
382 2847 533 2956 Dirige
546 2875 628 2951 me,
645 2851 849 2952 Domine,
868 2877 1043 2938 servam

207 2973 330 3050 tuam
355 2964 400 3048 in
426 2963 590 3049 virtute
617 2975 710 3066 tua;
743 2975 787 3050 et
815 2963 929 3051 doce
960 2991 1042 3067 me,

209 3079 312 3184 quia
328 3086 378 3163 tu
396 3104 445 3162 es
463 3079 597 3179 Deus,
614 3077 819 3164 Salvator
836 3105 973 3165 meus.

222 3311 225 3324 Ι
262 3188 316 3294 lis·
337 3207 495 3416 Slpecie
527 3219 603 3294 tua
636 3220 682 3295 et
715 3209 1043 3317 pulchritudine

207 3331 293 3408 tua.
392 3375 401 3392 ·
423 3320 628 3424 Intende,
650 3326 869 3430 prospere
887 3326 1041 3429 proce·

209 3434 275 3540 de,
295 3445 341 3524 et
359 3461 504 3540 regna.
