4378 6202
727 524 841 594 Festa
865 524 1075 595 Februarii.
1100 527 1162 606 (26.
1188 529 1249 600 vel
1272 530 1338 617 27.)
1840 521 1885 597 5*

171 705 215 788 in
249 705 547 792 Cardinalium
579 716 700 791 coetu
730 706 924 812 publice,
961 716 1005 791 et
1058 706 1194 790 divini
1229 709 1354 814 justis
1383 706 1587 794 laudibus
1617 713 1885 818 prosequen-

171 819 604 923 magnificentissime
639 819 887 919 laudatum,
924 820 1004 903 Pa·
1058 819 1162 906 dum
1189 823 1479 908 exsuscitaret
1504 821 1721 926 homines,
1745 824 1884 909 indul-

170 932 376 1019 triarchae
401 933 668 1019 Antiocheni
695 931 907 1037 dignitate
933 959 1004 1018 au·
1057 936 1302 1038 gentiarum
1333 937 1373 1021 ei
1399 936 1464 1022 rei
1490 936 1720 1043 prae'mium
1747 936 1885 1044 quod·

170 1046 252 1147 xit,
276 1072 360 1132 nec
383 1046 548 1132 multos
572 1057 677 1154 post
694 1071 868 1132 menses
887 1053 1004 1131 eum·
1058 1047 1159 1131 dam
1188 1076 1214 1134 a
1238 1049 1451 1135 Pontifice
1475 1049 1669 1136 Maximo
1694 1050 1887 1159 proponi

171 1157 273 1244 dem
305 1157 366 1246 ad
391 1159 610 1246 Valentiae
637 1159 1003 1267 Archiepiscopa·
1056 1159 1319 1269 impetravit.
1361 1163 1412 1246 In
1436 1163 1726 1248 clarissimum
1745 1162 1885 1248 Colle-

169 1283 263 1356 tum
287 1273 474 1358 invitum
496 1273 733 1372 transtulit,
758 1272 1004 1358 Valentinis
1057 1274 1194 1377 gium,
1227 1274 1347 1381 quod
1375 1275 1588 1384 Corporis
1617 1274 1780 1360 Christi
1810 1279 1885 1361 vo-

171 1385 364 1491 quidem,
382 1385 442 1472 ob
462 1389 553 1491 eius
572 1386 823 1486 adventum,
840 1380 1004 1488 laetitia,
1057 1386 1137 1471 luit
1145 1388 1372 1490 nominari,
1387 1386 1744 1475 constituendum
1753 1389 1886 1495 inque

171 1499 442 1586 Pacensibus
461 1525 580 1602 vero,
604 1499 662 1585 ob
681 1501 821 1606 ipsius
841 1496 1004 1583 disces·
1058 1502 1149 1605 ejus
1172 1500 1307 1602 aedes,
1332 1512 1376 1587 et
1393 1501 1637 1588 Ecclesiam
1654 1502 1887 1606 magnifice

168 1612 344 1698 sionem
378 1617 571 1698 moerore
611 1638 782 1698 summo
824 1611 1005 1696 affectis.
1057 1610 1384 1717 aedificandum,
1417 1613 1742 1714 haereditatem,
1776 1640 1887 1722 quae,

169 1725 368 1832 Gregem
393 1753 536 1828 suum,
564 1726 712 1832 quoad
735 1726 859 1825 vixit,
885 1726 1005 1810 omni
1056 1738 1184 1833 patre
1208 1731 1400 1830 mortuo,
1426 1728 1510 1814 sibi
1535 1727 1733 1829 obvenit,
1756 1727 1888 1814 valde

168 1840 345 1924 ratione
370 1841 494 1946 pavit
519 1839 674 1940 verbo,
706 1839 900 1946 scriptis,
931 1839 1004 1925 Sa·
1058 1844 1251 1945 opimam
1278 1841 1476 1926 contulit.
1522 1839 1691 1943 Quibus
1715 1841 1760 1924 in
1783 1838 1887 1925 aedi·

169 1956 497 2038 crementorum
506 1950 1006 2053 administratione‚Con·
1058 1950 1141 2037 bus
1155 1954 1308 2039 sedem
1323 1953 1409 2039 sibi
1422 1954 1520 2061 ipse
1534 1951 1709 2057 delegit,
1726 1953 1888 2059 ibique,

169 2066 281 2150 ciliis
300 2065 477 2152 habitis:
492 2093 590 2152 eum
604 2091 724 2172 saepe
738 2063 1005 2168 circumibat,
1057 2066 1352 2174 Episcopatus
1375 2065 1602 2152 laboribus
1629 2065 1887 2174 quadragin-

169 2179 224 2264 ad
242 2181 535 2267 necessitates
557 2181 649 2286 ejus
667 2203 821 2264 omnes
838 2187 1005 2285 praesto
1057 2187 1103 2264 ta
1127 2205 1289 2266 novem
1317 2205 1456 2265 annos
1482 2179 1721 2266 fortissime
1746 2179 1888 2288 perla-

169 2303 276 2392 erat,
296 2294 486 2378 immane
502 2293 703 2401 pecaniae
717 2290 1005 2399 pondustum
1057 2291 1130 2394 tis,
1156 2293 1335 2379 tandem
1360 2290 1611 2396 defunctus,
1641 2291 1730 2395 die,
1757 2319 1888 2400 quem

169 2407 213 2490 in
239 2407 297 2490 iis
330 2404 631 2507 sublevandis,
663 2415 758 2490 tum
783 2406 828 2488 in
854 2405 1004 2511 pleris·
1056 2405 1335 2514 praedixerat,
1357 2406 1502 2513 pridie
1522 2405 1675 2492 Nonas
1692 2404 1888 2491 Ianuarii

171 2543 258 2625 que
272 2519 487 2627 Templis,
502 2544 554 2605 ac
568 2517 804 2618 Coenobiis,
819 2517 890 2604 vel
903 2543 1004 2603 con·
1058 2521 1158 2604 anni
1181 2519 1398 2605 millesimi
1422 2518 1729 2638 sexcentesimi
1754 2518 1887 2605 unde-

171 2631 349 2734 dendis,
370 2633 443 2719 vel
465 2632 733 2718 instruendis
759 2631 1005 2717 collocasse
1057 2633 1168 2734 cimi,
1188 2633 1389 2719 omnibus
1408 2633 1621 2718 Ecclesiae
1635 2633 1887 2718 Sacramen-

171 2747 410 2852 quotannis
433 2749 633 2854 repertus
657 2755 735 2832 est.
774 2745 1004 2831 Accessio·
1056 2747 1115 2833 tis
1128 2747 1379 2847 instructam,
1397 2747 1422 2829 J
1424 2771 1547 2830 esum
1561 2754 1629 2830 ter
1644 2745 1761 2830 clara
1774 2769 1887 2832 voce

86 2941 93 2958 ,
170 2885 224 2946 ne
250 2860 470 2969 potentiae
504 2860 544 2945 ei
570 2860 687 2945 facta
719 2887 773 2945 ex
800 2859 1004 2962 Proregis
1058 2860 1302 2969 appellans,
1332 2859 1522 2944 animam
1546 2859 1803 2944 suavissime
1829 2859 1886 2946 ef-

170 2980 365 3076 munere,
385 2975 506 3080 quod
524 2971 803 3060 subeundum
820 2974 907 3081 ipsi
923 2973 1006 3058 fuit
1057 2975 1192 3059 flavit.
1225 2973 1385 3077 Magna
1402 2972 1484 3059 fuit
1501 2973 1546 3056 in
1565 2971 1888 3058 existimatione

170 3086 212 3172 in
225 3089 450 3174 Valentiae
464 3113 613 3192 regno,
632 3087 838 3195 Philippo
854 3085 1005 3171 Tertio
1058 3086 1177 3196 apud
1195 3087 1423 3195 Principes
1440 3086 1572 3187 viros,
1590 3087 1748 3189 Reges,
1764 3085 1887 3171 Anti·

171 3207 372 3307 cogente,
391 3227 444 3288 ea
463 3213 531 3286 est
548 3226 653 3287 usus
671 3202 728 3286 ad
742 3203 846 3286 vitia
864 3200 1005 3304 magis
1056 3202 1204 3303 stites‚
1246 3201 1460 3308 ipsosque
1500 3199 1613 3284 adeo
1648 3199 1888 3285 Pontifices

172 3315 464 3415 excindenda,
490 3315 850 3420 Christianasque
871 3314 1004 3398 virtu·
1057 3314 1285 3417 Maximos,
1304 3323 1503 3398 sanctum
1522 3313 1649 3396 Pium
1666 3311 1887 3415 Quintum,

169 3440 238 3516 tes
268 3431 403 3515 latius
432 3455 513 3514 suo
539 3431 586 3513 in
612 3428 781 3537 populo
810 3425 1005 3512 dissemi-
1059 3428 1329 3515 Clementem
1358 3427 1592 3527 Octavum,
1624 3450 1675 3509 ac
1702 3424 1887 3510 Paulum

171 3543 354 3630 nandas.
394 3545 498 3650 Eius
526 3543 729 3640 consilio,
756 3541 1004 3646 diligentie,
1057 3543 1278 3647 Quintum,
1292 3544 1550 3646 summaque
1563 3537 1887 3625 necessitudine

173 3655 470 3763 diuturneque
495 3655 656 3757 labori,
683 3666 728 3740 et
754 3660 905 3761 operae
932 3654 1004 3738 tri·
1058 3659 1316 3762 conjunctus
1342 3679 1441 3738 cum
1468 3652 1670 3737 omnibus
1695 3651 1787 3736 fere
1812 3654 1888 3756 qui

173 3768 398 3855 buendum
426 3782 510 3873 est,
539 3768 659 3876 quod
686 3767 1006 3853 Mauriscorum
1058 3795 1110 3854 ea
1127 3773 1259 3854 aetate
1274 3766 1560 3852 sanctimonia
1578 3763 1888 3865 excelluerunt,

172 3882 313 3989 pestis
357 3908 412 3969 ex
446 3883 664 3969 Valentiae
701 3905 837 3985 regno
875 3879 1005 3965 faerit
1056 3885 1101 3965 in
1128 3881 1285 3989 quibus
1312 3888 1490 3964 sanctus
1517 3877 1702 3964 Carolus
1726 3878 1887 3962 Borro·

174 3994 372 4104 depdlsa,
402 4007 535 4101 atque
562 3996 787 4082 exhausta.
1056 4000 1194 4080 maeus
1221 4019 1352 4100 quam
1383 4016 1483 4077 eum
1514 3988 1698 4075 haberet
1726 4014 1888 4091 earum,

228 4116 279 4218 lo„
302 4110 437 4194 Posui
455 4108 733 4216 adjutorium.
1056 4108 1311 4194 testimonio
1335 4113 1437 4189 sunt
1456 4129 1520 4189 eae
1541 4101 1753 4210 epistolae,
1777 4125 1887 4207 quas

480 4229 631 4312 Lectio
652 4229 704 4308 vi.
1057 4223 1114 4308 ad
1142 4221 1263 4306 illum
1291 4218 1425 4305 dedit.
1469 4215 1715 4324 Sepdlchro
1740 4215 1888 4300 illatus

182 4329 326 4544 Cum
344 4337 579 4424 virtdtffius
596 4337 693 4443 ipse
708 4334 910 4421 omnibus
929 4335 1005 4418 flo·
1058 4347 1126 4422 est
1152 4337 1197 4420 in
1221 4333 1422 4419 Ecclesia
1448 4332 1546 4439 ipsa
1574 4329 1759 4432 Collegii
1786 4353 1812 4412 a
1839 4354 1888 4414 se

276 4456 409 4554 reret,
432 4461 527 4536 tum
548 4454 789 4558 praecipua,
816 4473 869 4534 ac
889 4447 1005 4532 miri·
1057 4448 1240 4550 conditi,
1265 4450 1445 4554 ejasque
1469 4442 1785 4553 praestantibus
1804 4442 1887 4529 vir·

178 4563 257 4650 fica
281 4590 466 4672 prorsus
482 4566 575 4670 ejus
593 4563 761 4648 exstitit
780 4586 883 4665 erga
900 4561 1004 4644 San·
1056 4563 1235 4663 tatibus,
1259 4559 1583 4665 miraculisque,
1607 4581 1661 4643 eo
1680 4554 1887 4661 depreca-

180 4678 418 4764 ctissimum
439 4675 730 4764 Eucharistiae
754 4674 1004 4759 Sacramen·
1056 4682 1165 4779 tore,
1184 4675 1323 4775 factis,
1344 4672 1534 4776 denique
1551 4667 1765 4776 probatis,
1782 4667 1886 4750 Pius

179 4799 268 4874 tum
302 4795 465 4897 pietas,
503 4813 591 4896 quo
624 4814 774 4874 coram
809 4785 1004 4893 comphi-
1056 4791 1216 4875 Sextus
1265 4784 1470 4904 Pontifex
1517 4782 1734 4866 Maximus
1787 4804 1888 4864 eum

181 4927 248 4988 res
279 4901 478 5011 quotidie
508 4901 640 4987 horas
667 4896 1005 4986 venerabondus
1056 4903 1242 4987 Beatum
1269 4898 1352 4983 rite
1382 4893 1683 5004 pronuntiavit
1713 4890 1887 4977 decimo

181 5016 445 5123 transigebat
474 5016 520 5100 in
554 5024 677 5100 tanta
713 5010 1006 5118 occupatione
1058 5025 1214 5121 quarto
1255 5007 1481 5094 Kalendas
1525 5005 1732 5093 Octobris
1785 5003 1888 5090 anni

182 5128 297 5213 vitae:
332 5154 414 5214 nec
445 5127 583 5213 ullum
612 5126 845 5212 intermisit
877 5123 1005 5225 diem,
1057 5125 1275 5212 millesimi
1298 5119 1674 5230 septingentesimi
1698 5120 1887 5224 nonage-

183 5241 282 5347 qnin
314 5241 588 5329 Sacrificium
621 5245 871 5348 perageret3
916 5259 1006 5366 quo
1057 5240 1157 5325 simi
1174 5238 1300 5325 sexti.
1356 5243 1405 5346 ll.
1430 5235 1523 5319 Iste
1544 5243 1613 5319 est
1633 5231 1719 5337 qui.

182 5357 377 5482 tempore
394 5355 483 5438 Vim
501 5355 778 5440 lacrimarum
797 5348 1007 5453 singulari
1117 5393 1157 5460 lu
1185 5393 1246 5462 ιιι.
1268 5393 1466 5462 uoaono
1492 5389 1661 5458 rumora
1687 5389 1723 5456 in
1743 5389 1885 5472 ιιι-ιιι.

184 5472 380 5554 mcensus
395 5468 578 5554 caritate
591 5462 901 5574 profundebat.
928 5461 1006 5544 At·
1061 5489 1186 5556 Homo
1209 5482 1380 5571 peregre.
1407 5490 1453 5557 oe
1479 5487 1691 5558 Communi.

186 5601 266 5683 que
286 5591 335 5668 ut
356 5580 416 5667 ad
431 5581 691 5688 Mysterium
713 5575 823 5662 illud
844 5573 1005 5662 amoris
1367 5617 1573 5636 --—÷-

281 5860 778 5931 mammaeam
1635 5815 1680 5886 1'
1715 5937 1718 5945 ,
2045 5749 2174 6140 A]

1907 6069 1926 6118 a
