4402 6190
296 511 371 587 40*
727 585 738 604 ,
982 511 1099 580 Festa
1119 509 1224 580 Julii.
1249 507 1327 589 (19.)

605 703 755 788 Lectio
776 703 831 784 iii.
1482 697 1635 780 Lectio
1654 698 1707 780 iv.

381 831 501 929 tego
517 849 617 908 cum
628 825 849 908 venissem
863 818 921 907 ad
935 846 1027 921 vos,
1044 820 1127 906 fra·
1333 826 1548 914 incentius
1582 850 1609 909 a
1639 822 1800 922 Paulo,
1832 819 2010 906 natione

407 947 516 1038 tres,
542 936 646 1022 veni
672 961 761 1020 non
787 935 832 1019 in
859 933 1128 1021 sublimitate
1253 954 1262 991 s
1287 962 1318 1049 ,J
1352 939 1526 1042 Gallus,
1557 935 1706 1038 Pedii,
1736 959 1827 1020 non
1854 933 2011 1042 procul

298 1051 514 1135 sermonis
533 1059 608 1135 aut
626 1048 872 1156 sapientiae,
897 1049 1127 1134 anuntians
1277 1056 1286 1083 ³
1350 1052 1406 1140 ab
1420 1053 1562 1159 Aquis
1574 1048 1805 1142 Tarbellis,
1818 1047 2012 1153 inAqui·

296 1163 425 1251 vobis
464 1163 765 1251 testimonium
800 1161 972 1248 Christi.
1026 1161 1128 1246 Non
1177 1165 1299 1252 tania
1315 1176 1461 1269 natus,
1485 1167 1572 1272 jam
1594 1173 1689 1251 tum
1714 1187 1740 1247 a
1762 1167 1904 1270 puero
1923 1163 2012 1245 exi·

126 1311 127 1316 ¹
298 1278 414 1364 enim
435 1277 626 1382 iudicevi
647 1297 719 1362 me
738 1276 852 1361 scire
878 1273 1046 1382 aliquid
1065 1275 1127 1359 in·
1178 1280 1312 1364 miam
1336 1280 1381 1365 in
1407 1286 1628 1388 pauperes
1658 1275 1888 1362 caritetcm
1916 1299 2014 1380 prae

297 1400 365 1476 ter
392 1416 492 1493 vos,
520 1391 605 1474 nisi
630 1390 657 1474 J
658 1415 783 1476 esum
811 1389 1051 1493 Christum,
1083 1398 1128 1477 et
1179 1418 1228 1479 se
1254 1393 1364 1479 tulit
1418 1395 1460 1478 A
1487 1389 1687 1479 custodia
1713 1388 1887 1496 paterni
1917 1411 2014 1492 gre·

297 1504 415 1591 hunc
439 1503 708 1590 crucifixum.
751 1504 810 1588 Et
835 1527 918 1608 ego
942 1501 989 1588 in
1012 1503 1127 1588 infir·
1179 1507 1245 1612 gis
1269 1506 1327 1592 ad
1349 1507 1519 1595 litteras
1544 1507 1774 1602 evocatus,
1797 1500 2015 1586 humanas

296 1617 450 1704 mitate
476 1626 521 1704 et
542 1622 736 1705 tremore
760 1616 899 1703 multo
923 1616 984 1701 fui
1009 1616 1128 1724 apud
1181 1620 1339 1727 Aquis,
1367 1618 1537 1707 divium
1566 1642 1666 1704 cum
1692 1615 1891 1716 Tolosae,
1917 1625 2014 1700 tum

297 1757 395 1816 vos:
419 1739 465 1816 et
483 1756 629 1818 sermo
647 1755 785 1833 meus,
805 1740 850 1817 et
866 1729 1127 1838 praedicario
1180 1736 1529 1840 Caesaraugustae
1550 1729 1715 1818 didieiu
1750 1727 2015 1815 Sacerdotio

297 1871 407 1947 mea,
427 1871 518 1930 non
534 1845 580 1930 in
598 1843 962 1952 persuasibilibus
978 1842 1127 1929 huma·
1178 1849 1391 1950 initietus,
1416 1873 1469 1934 ac
1485 1846 1724 1949 theologia
1740 1843 1893 1928 laurea
1910 1842 2014 1926 insi-

296 1985 366 2044 nae
385 1959 613 2067 sapientiae
630 1957 793 2062 verbis,
817 1955 898 2044 sed
920 1958 965 2043 in
984 1967 1127 2044 osten·
1178 1967 1336 2068 gustus,
1353 1962 1399 2047 in
1413 1961 1582 2046 Turcas
1599 1957 1764 2060 incidit,
1783 1955 1859 2064 qui
1875 1960 2015 2066 capti·

297 2073 421 2158 siene
447 2073 626 2180 spiritus
655 2082 699 2158 et
722 2072 913 2176 virtutis
938 2079 990 2155 ut
1016 2069 1128 2155 fides
1179 2103 1283 2162 vum
1308 2077 1354 2162 in
1382 2075 1578 2160 Africam
1604 2070 1900 2178 adduxerunt;
1931 2069 2017 2156 sed

298 2194 447 2272 vestra
477 2211 566 2271 non
593 2185 720 2272 sitin
750 2184 966 2294 sapientia
991 2182 1128 2269 bemi-
1179 2191 1223 2275 in
1256 2191 1513 2299 captivitate
1542 2187 1736 2296 positus,
1768 2185 1925 2271 herum
1952 2185 2015 2294 ip

296 2325 416 2400 num,
445 2298 594 2384 sedin
616 2297 778 2385 virtute
802 2298 898 2383 Dei.
950 2297 1127 2405 Sapien·
1180 2330 1276 2390 sum
1292 2303 1468 2390 Christo
1484 2327 1636 2388 rursus
1650 2300 1877 2386 lucrifecit.
1902 2299 2016 2384 Cum

297 2413 404 2506 tiam
429 2420 577 2498 autem
602 2412 825 2518 loquimur
850 2413 965 2499 inter
988 2410 1128 2520 perfe-
1180 2442 1234 2503 eo
1264 2418 1397 2522 igitur
1424 2442 1479 2502 ex
1503 2413 1703 2501 barbaris
1731 2414 1838 2515 oris,
1870 2412 2015 2520 opitu·

298 2536 414 2612 ctos:
450 2525 710 2632 sapientiam
739 2550 848 2611 vero
878 2549 968 2609 non
1000 2522 1128 2630 hujus
1179 2531 1298 2617 lente
1342 2531 1557 2638 Deipara,
1606 2551 1706 2613 sese
1749 2526 2016 2634 proripiens,

269 2703 274 2708 -
298 2637 459 2741 saeculi,
477 2663 625 2745 neque
637 2639 886 2746 principum
903 2636 1031 2742 hujus
1049 2641 1128 2722 sae·
1180 2643 1237 2729 ad
1259 2643 1506 2753 apostolica
1530 2641 1680 2726 limina
1704 2640 1788 2725 iter
1812 2638 2016 2725 instituit

300 2750 387 2838 culi
405 2751 481 2859 qui
496 2750 797 2853 destruuntur3
815 2749 897 2836 sed
908 2750 1130 2856 loquimur
1181 2757 1308 2844 Unde
1338 2758 1383 2841 in
1416 2756 1606 2842 Galliam
1635 2757 1861 2856 reversus,
1896 2751 2016 2860 Clip

297 2865 383 2950 Dei
408 2863 672 2972 sapientiam
697 2863 743 2948 in
768 2863 998 2972 mysterio,
1030 2889 1130 2970 quae
1180 2871 1296 2979 piaci
1339 2870 1548 2979 primum,
1593 2892 1697 2953 mox
1732 2865 2016 2951 Castellionis

298 2976 563 3063 abscondita
582 2985 667 3079 est,
694 3001 826 3082 quam
842 2975 1129 3083 pradestina-
1179 2984 1400 3092 pardecias
1437 2982 1711 3068 sanctissime
1750 2979 1875 3064 rexit
1928 2979 2016 3063 Re·

298 3091 363 3177 vit
387 3091 510 3176 Deus
541 3099 643 3175 ante
675 3088 838 3174 saecula
868 3091 914 3172 in
945 3089 1131 3194 gloriam
1180 3098 1404 3184 nuntiatus
1429 3123 1456 3182 a
1478 3118 1582 3201 rege
1605 3093 1841 3203 primarius
1857 3093 2016 3179 Sacro-

300 3213 509 3289 nostram.
1180 3237 1279 3296 rum
1295 3209 1553 3296 ministeriu
1573 3206 1730 3294 Gelliae
1748 3205 2017 3310 triremibus

352 3338 404 3442 lp.
447 3337 672 3445 Sapientia
707 3335 924 3425 humiliati
967 3335 1129 3423 exalta.
1180 3324 1341 3409 mirum
1373 3349 1461 3431 quo
1488 3323 1586 3409 zelo
1615 3331 1659 3408 et
1686 3320 1848 3407 ducum
1875 3331 1922 3406 et
1949 3324 2017 3406 re-

299 3447 365 3534 bit
385 3460 518 3556 caput
539 3450 672 3552 illius,
693 3450 791 3536 *Et
806 3452 853 3535 in
874 3448 1021 3536 medio
1042 3476 1131 3535 ma·
1180 3438 1347 3543 migum
1399 3436 1529 3523 salliti
1567 3441 1756 3568 operam
1801 3435 2017 3543 posuerit.

298 3567 532 3669 gnatorum
563 3565 806 3651 consedere
835 3564 959 3650 illum
988 3564 1130 3650 faciet.
1180 3550 1446 3637 M011ielibus
1480 3551 1760 3637 Visltatldms
1795 3576 1822 3634 a
1857 3557 2016 3635 sancto

301 3673 353 3778 ll.
379 3676 464 3780 Qui
483 3678 598 3763 enim
616 3678 868 3765 humiliatus
887 3677 1028 3782 fuerit,
1048 3679 1131 3764 erit
1180 3666 1416 3752 Francisco
1436 3665 1604 3751 Salesio
1623 3663 1904 3772 praepositus,
1921 3671 2017 3748 tan·

299 3790 343 3873 in
361 3789 513 3893 gloria.
539 3789 608 3879 Et.
640 3787 790 3877 Gloria
807 3792 939 3878 Patri.
966 3791 1034 3879 Et.
1181 3789 1227 3865 ta
1269 3779 1503 3888 prudentia
1537 3803 1618 3886 per
1654 3801 1794 3862 annos
1838 3777 2017 3864 circiter

534 3944 583 4024 In
602 3945 652 4025 Πι
672 3941 897 4024 Nocturna
1183 3893 1473 4002 quadraginta
1498 3917 1597 3978 eam
1620 3916 1770 3977 curam
1796 3892 2015 3994 sustinuit,

354 4077 455 4159 Ant·
482 4073 599 4168 Tulit
615 4107 688 4166 me
701 4081 918 4166 Dominus
948 4107 1049 4166 cum
1066 4086 1131 4168 se·
1181 4018 1231 4143 ui
1269 4007 1461 4093 maxime
1504 4004 1863 4146 9⁰¹3¹p¹9b⁶b⁶sit
1906 4002 2015 4138 inds'

919 4145 928 4183 '
1183 4149 1297 4210 crum
1321 4126 1584 4208 sanctiss1m1
1604 4119 1824 4228 praesulis,
1849 4146 1925 4227 qm
1948 4145 2014 4205 ga.

302 4218 461 4300 queres
487 4219 682 4299 gregem,
710 4203 756 4280 et
782 4194 892 4281 dixit
915 4195 1132 4281 D⁶mi¹¹¹¹⁸
1182 4235 1653 4324 cerdetemVincentio
1671 4233 1917 4339 digniorem
1930 4233 2017 4317 nul·

301 4307 358 4393 ad
376 4333 462 4392 me:
484 4308 629 4410 Vade,
653 4307 891 4416 propheta,
916 4308 973 4394 ad
990 4314 1130 4417 popu·
1182 4351 1274 4434 lum
1292 4375 1341 4436 se
1358 4374 1493 4436 nosse
1510 4346 1741 4434 fatebatur,

354 4538 818 4630 n,
843 4552 892 4628 ut
1182 4483 2014 4702 ilsuaalstelsti

301 4657 408 4744 fiam
433 4662 628 4792 age-reni
656 4666 701 4743 et
726 4662 1050 4791 mer-termus
1075 4656 1134 4744 ad
1184 4729 1228 4806 et
1241 4717 1380 4803 lsrael
1393 4714 1701 4803 haercditetem
1715 4740 1851 4801 suam.
1888 4697 1940 4804 ll.
1957 4714 2015 4800 Et

300 4773 456 4874 Deum'
476 4771 608 4878 mgna
625 4773 898 4880 poemtennae
917 4776 1055 4881 ⁶pe¹a
1072 4771 1132 4856 fa'
1183 4832 1307 4940 pavit
1329 4856 1408 4917 eos
1430 4830 1476 4914 in
1499 4829 1750 4916 innocentia
1768 4826 1917 4915 cordis
1936 4829 2013 4930 sui,

303 4888 481 4973 cientes.
1249 4947 1258 4966 ,
1308 4945 1318 4966 .
1504 4943 1512 4962 ,

355 5007 456 5089 Ant·
502 5002 629 5095 Multi
673 5006 944 5095 credentium
989 5008 1132 5094 venie·
1184 4944 1821 5148 {teanflffieelffs‘fnssausscffiuum
1837 4946 2013 5028 suasum

302 5124 426 5228 bant,
458 5123 719 5210 confitentes
750 5132 795 5209 et
826 5121 1133 5208 annuntiantes
1608 5203 1616 5218 ,

304 5248 429 5325 actus
448 5263 565 5322 suos.
1494 5203 1648 5289 L00t¹0
1668 5230 1707 5284 V·

356 5343 407 5452 ll.
431 5361 569 5447 Posui
586 5360 722 5447 verba
746 5385 845 5446 mea
869 5359 915 5444 in
941 5383 1019 5446 ore
1043 5368 1135 5444 tuo.
1188 5343 1595 5558 Evangelizendir
1610 5353 1892 5463 pauperibus,
1905 5378 2012 5462 prae·

303 5469 355 5574 Ru
395 5475 456 5564 Ut
491 5476 665 5584 plantes
702 5472 859 5576 coelos,
898 5484 943 5561 et
977 5471 1134 5558 nudes
1298 5471 1450 5555 sertim
1478 5467 1700 5571 ruricolis,
1730 5465 1788 5554 ad
1818 5465 2011 5576 decrepi-

303 5597 479 5678 terram.
1185 5595 1277 5672 tam
1307 5609 1449 5692 usque
1479 5589 1656 5671 atatem
1683 5580 1929 5669 indefessus
1953 5582 2011 5665 in·
