4290 6188
619 571 624 578 .
769 507 884 578 Festa
909 509 1119 580 Februarii.
1144 511 1221 594 (26.)

142 699 257 802 aridi,
285 711 330 788 et
352 700 668 788 intercessiene
693 701 814 790 beati
835 705 862 790 J
864 708 966 790 oan-
1021 701 1338 810 copiosissimae
1375 704 1568 806 segetes,
1606 725 1706 808 quae
1741 704 1849 788 nen-

140 814 204 898 nis
226 813 415 901 Abbatis
437 816 756 925 temporalibus
781 843 871 904 non
895 817 967 905 de·
1020 817 1103 902 nisi
1128 843 1154 902 a
1178 815 1326 902 multis
1352 814 1622 902 messoribus
1649 839 1731 923 per
1756 814 1849 924 plu·

139 928 343 1015 stituatur
370 928 560 1029 auxiliis,
592 940 638 1017 et
668 930 968 1038 spiritualibus
1019 956 1092 1017 res
1127 928 1223 1016 dies
1260 929 1409 1033 colligi
1444 932 1672 1035 poterant,
1711 929 1850 1036 ipsius

139 1067 312 1150 semper
326 1042 533 1151 proficiat
550 1043 842 1133 incrementis.
881 1047 967 1132 Per
1019 1042 1225 1151 precibus
1244 1042 1472 1146 demessae,
1492 1051 1537 1128 et
1553 1042 1599 1126 in
1615 1041 1850 1128 fasciculos

138 1155 373 1242 Deminum
391 1166 601 1244 nostrum.
1019 1157 1259 1263 colligatae,
1296 1155 1475 1242 damino
1513 1153 1626 1260 agri,
1663 1164 1707 1242 et
1741 1154 1849 1262 ipsis

187 1293 231 1360 n
266 1292 294 1362 1.
329 1291 439 1363 soa.
474 1293 577 1363 Lect.
612 1293 750 1370 iustus
773 1299 809 1371 ss
830 1292 964 1373 morte.
1018 1271 1290 1358 messoribus
1335 1267 1672 1374 demirantibus,
1716 1293 1883 1377 asra·⁴

140 1389 183 1458 oe
210 1389 414 1460 Communi
440 1390 591 1460 1.1oeo.
1018 1387 1210 1470 ruerunt.
1256 1382 1383 1470 Unde
1404 1380 1612 1487 Theristi,
1636 1407 1718 1470 seu
1738 1408 1849 1469 mes·

372 1537 421 1618 In
440 1539 480 1618 11
510 1539 722 1622 Noctumo
1018 1499 1133 1585 seris
1147 1523 1318 1599 nomen,
1332 1498 1514 1605 ejrisque
1525 1495 1739 1601 imagines
1751 1523 1851 1582 cum

436 1601 589 1755 ΜΟ
608 1671 661 1754 iv·
726 1605 733 1620 ’
1017 1611 1141 1715 falce,
1160 1611 1361 1698 buccella
1376 1609 1503 1719 panis
1522 1609 1671 1696 etvini
1686 1610 1849 1717 peculo

677 1794 685 1813 .
796 1795 830 1822 .,
1019 1724 1198 1834 depingi
1217 1728 1551 1812 consueverunt.

208 1848 223 1901 ,ς
245 1796 433 1895 oannes,
461 1819 485 1880 e
515 1792 717 1880 Calabria
742 1795 965 1900 onundus,
1072 1859 1112 1962 R
1149 1856 1329 1942 Amavit
1349 1881 1451 1943 eum

150 1907 234 2015 ³193,
261 1905 613 1993 Panerminatus
634 1917 718 2012 est;
738 1910 830 2015 ejus
846 1936 963 1996 nam·
1116 1923 1124 1941 ·
1451 1918 1461 1938 ’

160 2020 165 2051 s
262 2046 350 2127 que
373 2030 514 2108 mater
538 2018 738 2126 gravida,
764 2029 914 2112 occiso
940 2051 965 2111 a
1313 2015 1467 2098 11110ῒὶ0
1487 2016 1541 2097 Vi·

135 2135 362 2222 Saracenis
390 2135 524 2238 viro,¹
540 2145 584 2222 et
615 2143 792 2245 captiva
823 2139 881 2225 ab
911 2139 965 2226 iis
1068 2174 1097 2230 n
1115 2147 1347 2255 preprium
1370 2145 1685 2234 monasterium
1706 2145 1849 2231 rever·

134 2248 400 2336 Panormum
418 2248 627 2353 adducta,
651 2249 817 2338 ibidem
835 2253 862 2338 J
863 2257 965 2339 oan-
1094 2287 1188 2364 sus,
1210 2259 1327 2344 illius
1345 2258 1483 2345 abbas
1501 2259 1664 2345 invitus
1683 2257 1850 2344 electus

134 2387 230 2448 nem
244 2362 431 2470 peperit,
445 2363 606 2470 pieque
620 2362 836 2452 educavit·
855 2366 965 2452 Cum
1017 2385 1097 2478 est,
1116 2377 1239 2482 cujus
1256 2372 1450 2460 mineris
1468 2381 1622 2482 partes
1639 2380 1689 2456 ut
1709 2371 1850 2479 probe

135 2486 249 2563 esset
266 2479 483 2561 annerum
502 2477 852 2584 quatuordecim,
874 2506 963 2565 ma·
1018 2488 1234 2596 expleret,
1275 2485 1568 2572 monasticum
1600 2483 1850 2570 institatum
1941 2585 1944 2598 Ι

134 2589 269 2675 ternis
320 2589 585 2694 jussionibus
639 2590 964 2702 obtemperans,
1015 2603 1292 2708 promovere,
1316 2609 1361 2683 et
1379 2598 1538 2685 fratres
1556 2599 1696 2687 verbo
1713 2609 1759 2686 et
1776 2624 1848 2685 ex·

135 2701 382 2789 Calabriam
402 2703 548 2811 petiit,
571 2713 621 2792 ut
639 2704 873 2792 thesauros
887 2733 964 2816 pa·
1017 2714 1164 2823 emplo
1183 2711 1241 2800 ad
1259 2711 1543 2820 perfectionis
1562 2712 1734 2820 apicem
1752 2715 1848 2798 eve·

133 2818 293 2919 ternos,
311 2815 355 2899 in
372 2815 551 2924 Oppido
566 2816 764 2905 Cursano
781 2818 963 2907 abscen·
1017 2828 1120 2916 here
1146 2833 1382 2935 sumepere
1408 2822 1587 2912 striduit
1626 2825 1850 2912 Miraculis

133 2927 267 3034 ditos,
290 2929 543 3062 inquireret.
585 2931 675 3018 Sed
698 2933 798 3040 pius
816 2932 962 3019 adole·
1022 2941 1204 3028 tandem
1235 2950 1280 3028 et
1305 2940 1539 3027 sanctitate
1571 2945 1849 3050 conspicuus,

133 3069 258 3130 scens
292 3044 489 3132 coelestra
518 3047 679 3150 magis,
715 3072 848 3156 quam
879 3058 963 3134 ter·
1015 3057 1060 3139 in
1087 3055 1247 3142 eodem
1272 3053 1479 3141 coenobio
1509 3052 1780 3143 obdormivit
1805 3054 1849 3138 in

133 3161 255 3261 rena,
289 3162 544 3266 exquirens,
575 3160 725 3246 statim
756 3185 809 3246 ac
842 3161 963 3247 Cala·
1015 3169 1411 3271 Demin0,ineunte
1425 3167 1850 3254 saeculoundeeimo.

133 3271 272 3358 briam
290 3282 335 3358 et
352 3272 523 3379 stylum
540 3274 752 3380 pervenit,
773 3273 830 3360 ab
847 3275 963 3361 illius
1015 3282 1166 3370 Multis
1189 3281 1352 3390 elapsis
1375 3285 1498 3367 annis
1521 3281 1727 3390 famaque
1751 3307 1848 3390 per·

132 3385 471 3498 loci-Episcopo
499 3385 767 3496 baptizatus,
799 3390 846 3475 in
871 3416 962 3477 mo·
1015 3397 1322 3483 crebrescente
1343 3395 1598 3482 coenebium
1620 3420 1786 3481 novum
1804 3405 1849 3482 et

133 3499 370 3586 nasterium
391 3499 557 3604 erdipis
573 3500 795 3606 Basiliani,
819 3531 962 3614 prope
1016 3509 1202 3597 ecclesia
1233 3507 1315 3593 sub
1346 3509 1625 3594 invocatione
1660 3508 1849 3594 nominis

133 3625 326 3700 montem
351 3615 742 3723 septentrionalem
762 3617 873 3725 Styli
890 3645 960 3704 ex·
1015 3623 1214 3731 ejusdem
1225 3621 1375 3708 Sancti
1389 3629 1615 3710 exstricta
1628 3631 1740 3707 sunt.
1763 3621 1848 3708 Ibi·

133 3734 365 3828 structum,
397 3729 631 3818 sanctitate
662 3740 767 3838 tunc
793 3734 962 3839 tempo·
1016 3762 1102 3844 que
1134 3762 1297 3846 corpus
1325 3734 1567 3822 honorifice
1596 3736 1848 3844 depositum

133 3839 190 3924 ris
208 3845 510 3950 conspicuum,
528 3842 764 3950 ingressus,
786 3844 848 3931 ibi
866 3871 961 3931 san·
1013 3851 1106 3937 fuit.
1133 3850 1412 3937 Postremum
1426 3874 1600 3935 sacrum
1620 3855 1847 3957 ecerpore

133 3955 352 4042 ctimdniae
387 3965 433 4042 et
476 3957 788 4044 miraculorum
831 3954 961 4046 laude
1013 3963 1259 4067 brachium,
1287 3990 1401 4050 anno
1426 3963 1657 4050 millesimo
1683 3965 1845 4070 septin-

134 4067 290 4155 floruit.
1013 4078 1260 4183 gentesimo
1283 4077 1495 4184 vigesimo
1523 4088 1698 4186 quarto,
1725 4078 1750 4162 J
1753 4082 1846 4164 ose-

183 4190 232 4294 li.
258 4192 642 4281 Honestumfecit.
1013 4192 1104 4300 pho
1123 4191 1273 4278 Gasch
1291 4192 1663 4301 Archiepiscopo,
1684 4193 1846 4278 Panor-

440 4327 593 4412 Lecfio
614 4357 651 4410 γ,
1012 4333 1133 4391 mum
1170 4305 1366 4394 delatum
1398 4305 1443 4390 in
1487 4307 1655 4413 templo
1701 4305 1845 4392 cathe-

136 4439 342 4656 Corpus
367 4482 511 4560 suum,
536 4457 583 4540 in
604 4482 652 4542 se
671 4455 807 4543 veluti
829 4457 875 4540 in
900 4457 960 4541 in.
1013 4416 1126 4506 drali
1144 4446 1315 4505 summa
1333 4420 1617 4508 veneratiene
1638 4419 1807 4505 celitur.

229 4568 526 4655 fensissimum
556 4568 730 4656 hostem
762 4570 961 4672 saeviens,
1066 4543 1117 4648 111·
1142 4551 1233 4638 Iste
1251 4549 1398 4638 h0m0·

135 4681 309 4787 frigore,
336 4682 553 4786 nuditate,
581 4683 713 4786 fame,
741 4683 830 4786 siti,
862 4683 960 4769 cha·
1234 4727 1283 4807 In
1304 4725 1376 4806 111.
1398 4725 1621 4806 Nocturna

133 4796 333 4897 marinas,
358 4796 559 4901 flagellis,
584 4795 828 4900 laberibus,
847 4797 960 4884 aliis·
1127 4875 1137 4895 ,
1321 4875 1330 4894 ‚
1550 4877 1576 4896 ,,
1689 4881 1699 4902 ,

136 4933 216 5014 qne
235 4910 500 4997 cruciatibus
520 4909 756 5015 affligebat.
792 4913 961 5016 Agrum
1013 4867 1168 4963 00000
1191 4875 1578 5014 00000001Ψὲοω
1602 4875 1842 4962 00000000]

136 5022 358 5130 eujisdam
387 5024 470 5109 viri
501 5022 680 5126 nabilis,
717 5026 839 5132 cujus
877 5024 960 5112 ele·
1205 5109 1212 5124 ,
1295 4987 1567 5124 0000000000·

136 5137 352 5244 emesynis
394 5136 648 5223 Rodianum
697 5136 960 5240 coenabium,
1093 5107 1244 5192 00000
1266 5135 1332 5188 00·
1583 5107 1764 5210 001110·

137 5249 252 5354 quod
273 5251 467 5336 loannes
490 5261 596 5338 tunc
618 5250 843 5355 visitabat,
869 5278 960 5337 sus·
1058 5278 1088 5335 n
1111 5250 1188 5336 illo
1210 5256 1430 5361 tempore:
1456 5250 1582 5339 Dixit
1603 5252 1761 5337 Petrus
1785 5252 1842 5337 ad

136 5363 398 5468 tentabatur,
416 5364 658 5470 ingressus,
677 5370 915 5467 messores,
934 5391 960 5450 a
1083 5364 1109 5448 J
1111 5389 1271 5454 esumz,
1297 5366 1416 5454 Ecce
1459 5389 1541 5450 nos
1586 5363 1843 5470 reliquimus

139 5476 290 5581 quibus
309 5472 603 5580 deridebatur,
621 5503 762 5587 parvo
780 5505 895 5587 pane
914 5489 959 5566 et
1012 5478 1176 5580 emnia,
1212 5488 1256 5566 et
1287 5480 1428 5566 secati
1459 5504 1610 5566 sumus
1640 5489 1702 5580 te:
1735 5478 1842 5586 quid

139 5589 309 5678 medico
340 5592 445 5679 vino
475 5591 651 5681 abinde
681 5593 879 5696 satiavit,
914 5603 960 5683 et
1011 5618 1117 5699 ergo
1142 5594 1226 5680 erit
1252 5591 1405 5681 nobis?
1448 5594 1506 5680 Et
1532 5592 1711 5700 reliqua.
