4402 6190
961 509 1075 580 Festa
1100 511 1276 598 Augusti.
1301 509 1378 596 (12.)

316 699 439 804 fidei,
462 711 567 788 tunc
584 700 826 810 probantur
843 700 1003 786 militer
1023 699 1142 785 Chri·
1193 697 1260 783 nis
1288 699 1371 802 sui,
1396 698 1435 784 si
1458 699 1561 801 illis,
1588 704 1819 807 spectante
1841 700 2019 808 populo,

317 815 392 917 sti,
422 823 528 901 tunc
552 814 819 922 Martyribus
848 824 1003 923 patent
1030 813 1143 898 coeli.
1195 822 1240 897 et
1256 812 1523 919 imperatore
1540 815 1772 921 praesente,
1790 813 2021 918 contigerit

314 927 471 1037 Neque
507 927 624 1013 enim
667 927 731 1013 sic
765 928 943 1014 nomina
976 926 1142 1012 militiae
1195 925 1408 1012 coronari
1449 926 1568 1012 Ecce
1595 950 1710 1030 agon
1734 924 1953 1026 sublimis,
1979 937 2021 1013 et

316 1038 536 1143 dedimus,
570 1051 619 1126 ut
650 1064 807 1150 pacem
837 1038 1142 1126 tantummodo
1194 1063 1393 1143 magnus,
1421 1047 1466 1125 et
1491 1043 1669 1125 coronae
1693 1038 1890 1126 coelestis
1912 1043 2021 1148 pra·

315 1153 529 1258 cogitare,
554 1163 599 1240 et
619 1158 825 1240 recusare
846 1153 1046 1239 militiam
1068 1151 1141 1238 de·
1193 1151 1283 1237 mio
1297 1150 1528 1256 gloriosus.
1554 1152 1816 1238 Praeliantes
1829 1177 1914 1237 nos
1927 1178 2020 1261 spe·

314 1266 512 1371 beamus3
532 1266 708 1376 quando
722 1269 766 1352 in
780 1269 878 1376 ipsa
890 1266 1045 1352 militia
1056 1267 1143 1374 pri-
1194 1272 1285 1350 ctat
1297 1264 1431 1367 Deus,
1450 1274 1652 1373 spectant
1664 1265 1834 1371 Angeli,
1851 1275 2023 1373 spectat

315 1403 412 1464 mus
430 1379 719 1468 ambulaverit
731 1381 958 1482 Dominus,
974 1379 1143 1464 humili·
1195 1387 1240 1463 et
1258 1376 1469 1464 Christus.
1511 1379 1683 1482 Quanta
1706 1387 1774 1464 est
1791 1377 1949 1482 gleriae
1963 1376 2021 1464 di·

315 1492 440 1596 tatis,
475 1503 520 1579 et
550 1493 815 1596 tolerantiae,
850 1503 895 1579 et
923 1493 1141 1601 passionis
1193 1491 1353 1594 gnitas,
1381 1501 1546 1598 quanta
1571 1491 1775 1593 felicitas,
1802 1495 2022 1600 praesente

314 1604 525 1711 Magister
533 1640 548 1709 3·
587 1614 637 1692 ut
681 1606 804 1714 quod
841 1605 940 1691 lieri
982 1605 1142 1706 docuit,
1193 1603 1291 1689 Deo
1322 1603 1554 1710 cengredi,
1590 1613 1635 1690 et
1666 1603 1843 1690 Christo
1879 1603 2022 1710 judice

314 1719 436 1827 prior
459 1719 640 1824 faceret,
669 1732 714 1807 et
738 1719 858 1828 quod
882 1720 976 1828 pati
997 1719 1142 1806 horta·
1195 1717 1415 1803 coronari!
1459 1719 1709 1820 Armemur,
1735 1717 1895 1805 fratres
1918 1715 2022 1804 dile·

313 1833 453 1935 batur,
472 1834 594 1941 prior
610 1858 692 1942 pro
711 1833 840 1919 nobis
857 1833 954 1941 ipse
972 1835 1141 1941 patere·
1195 1831 1392 1933 ctissimi,
1416 1829 1584 1917 viribus
1605 1831 1729 1933 totis,
1754 1840 1799 1916 et
1815 1834 2023 1939 paremur

312 1955 396 2031 tur.
448 1946 605 2054 Neque
637 1946 794 2053 aliquis
822 1945 1142 2055 persecutionis
1194 1941 1251 2030 ad
1268 1948 1467 2052 aganem,
1484 1955 1630 2032 mente
1646 1945 1916 2053 incorrupta,
1933 1945 2022 2034 fide

315 2069 436 2145 metu
453 2061 517 2146 sic
534 2065 761 2160 terreatur,
786 2069 941 2146 utnon
959 2063 1141 2164 evange·
1192 2060 1375 2163 integra,
1393 2059 1556 2146 virtute
1574 2057 1748 2144 devota
1778 2057 1854 2144 Ad
1871 2059 2023 2160 aciem,

313 2172 411 2257 licis
430 2172 819 2274 exhortationibus,
843 2185 887 2260 et
904 2173 1142 2281 praeceptis
1195 2196 1294 2279 quae
1329 2171 1458 2258 nobis
1491 2171 1717 2274 indicitur,
1755 2171 1842 2258 Dei
1878 2181 2023 2258 caetra

314 2286 372 2372 ad
383 2286 784 2373 omniaiuveniatur
793 2292 996 2373 armatus.
1011 2286 1142 2371 Gras·
1193 2285 1447 2392 procedant
1478 2287 1681 2390 Integros
1698 2287 1851 2387 honor,
1868 2285 2021 2394 lapsos

313 2404 446 2502 satur,
464 2409 509 2486 et
527 2400 653 2487 saevit
670 2400 879 2502 inimicus,
897 2398 977 2487 sed
994 2399 1143 2485 statim
1194 2396 1325 2484 dolor
1350 2397 1409 2485 ad
1433 2399 1637 2507 praelium
1663 2403 1894 2509 provocet
1942 2399 2021 2484 Ar·

313 2514 510 2620 sequitur
539 2513 776 2617 Dominus,
804 2514 1036 2622 passiones
1066 2538 1142 2600 no·
1193 2513 1305 2596 mari
1323 2522 1368 2598 et
1385 2513 1629 2621 praeparari
1646 2539 1729 2600 nos
1742 2512 1902 2599 beatus
1915 2512 2022 2599 Pau·

314 2635 438 2729 stras,
458 2643 502 2712 et
519 2626 701 2712 vulnera
714 2626 1026 2714 vindicaturus.
1051 2629 1141 2713 Ira·
1192 2626 1262 2711 lus
1294 2626 1540 2736 Apostolus
1571 2625 1721 2729 docet,
1755 2625 1926 2712 dicens:
1955 2627 2021 2711 ln·

313 2739 450 2825 scitur
468 2738 756 2843 adversarius,
781 2750 826 2826 et
842 2741 1043 2844 minatur,
1061 2740 1142 2826 sed
1193 2736 1317 2825 duite
1344 2764 1466 2825 arma
1490 2739 1595 2844 Dei,
1626 2751 1676 2826 ut
1706 2740 1892 2848 possitis
1919 2743 2020 2826 resi·
2171 2827 2172 2846 ,

314 2862 399 2954 est,
425 2853 501 2960 qui
524 2853 668 2962 possit
690 2851 747 2938 de
766 2853 858 2958 ejus
875 2853 1077 2939 manibus
1093 2853 1141 2938 li·
1193 2862 1310 2938 stere
1339 2852 1385 2938 in
1415 2851 1486 2940 die
1517 2854 1807 2963 nequissimo,
1842 2865 1894 2939 ut
1923 2878 2021 2939 cum

312 2962 480 3050 berare.
523 2965 605 3052 Ille
626 2966 889 3053 metuendus
910 2977 996 3070 est,
1019 2968 1158 3072 cuius¹
1193 2967 1340 3052 omnia
1365 2967 1657 3075 perfeceritis,
1685 2969 1811 3054 stetis
1837 2966 2020 3052 accincti

312 3077 423 3163 iram
454 3104 585 3165 nemo
612 3081 776 3188 poterit
803 3079 1009 3183 evadere,
1040 3081 1140 3188 ipso
1191 3078 1366 3167 lumbos
1388 3091 1563 3167 vestros
1585 3081 1630 3166 in
1650 3081 1855 3182 veritate,
1878 3079 2020 3166 inddti

311 3196 629 3299 praemonente,
652 3204 697 3279 et
715 3194 905 3280 dicente:
928 3193 997 3280 Ne
1015 3193 1140 3280 timu·
1191 3193 1374 3280 loricam
1390 3193 1587 3302 justitiae,
1611 3205 1656 3282 et
1680 3193 1866 3280 calceati
1882 3192 2020 3302 pedes

313 3302 434 3390 eritis
465 3330 563 3408 eos,
605 3306 681 3413 qui
711 3305 920 3394 occidunt
959 3331 1140 3415 corpus:
1191 3307 1236 3391 in
1270 3308 1596 3415 praeparati6ne
1626 3305 1855 3411 Evangelii
1887 3307 2021 3412 pacis,

154 3500 158 3509 .
312 3417 450 3523 magis
464 3428 612 3505 autem
625 3420 807 3506 metuite
823 3446 933 3522 eum,
952 3421 1027 3526 qui
1042 3429 1140 3528 pot·
1192 3423 1463 3505 assumentes
1478 3432 1653 3505 scutum
1666 3419 1781 3522 fidei,
1796 3419 2021 3524 etgaleam

313 3539 381 3632 est
403 3543 447 3617 et
466 3532 654 3617 animam
680 3543 725 3619 et
747 3559 911 3641 corpus
936 3533 1140 3620 occidere
1192 3533 1356 3636 saletis,
1375 3541 1421 3619 et
1436 3531 1632 3638 gladium
1648 3534 1839 3640 spiritus,
1859 3534 1937 3640 qui
1954 3542 2020 3618 est

311 3643 356 3727 iu
373 3643 628 3749 gehennam.
655 3646 713 3731 Et
729 3651 904 3732 iterum:
923 3648 1011 3751 Qui
1023 3659 1141 3734 amat
1192 3670 1337 3732 sermo
1361 3646 1458 3732 Dei.
1501 3647 1612 3732 Haec
1638 3672 1762 3734 arma
1785 3651 2020 3748 sumamus,
2170 3645 2171 3660 '

312 3758 501 3843 animam
519 3785 655 3861 suam,
674 3759 832 3867 perdet
849 3758 979 3864 illam,
1001 3771 1046 3846 et
1066 3761 1141 3868 qui
1191 3761 1258 3845 his
1276 3784 1359 3847 nos
1375 3762 1630 3848 tutamentis
1645 3759 1959 3868 spiritualibus,
1977 3771 2020 3845 et

312 3868 407 3956 odit
429 3873 626 3957 animam·
637 3898 760 3959 suam
783 3872 828 3956 in
850 3873 938 3958 isto
965 3875 1140 3977 saeculo,
1192 3875 1447 3962 coelestibus
1480 3876 1749 3976 muniamus,
1783 3883 1834 3960 ut
1867 3873 1914 3958 in
1949 3873 2019 3960 die

310 3982 356 4067 in
381 3985 517 4070 vitam
544 3990 754 4072 aeternam
781 3987 1064 4074 conservabit
1092 3989 1139 4072 il·
1190 3990 1460 4097 nequissimo
1478 3993 1685 4075 resistere
1700 3987 1868 4075 diaboli
1881 3987 2018 4088 minis,

311 4096 411 4182 lam.
1191 4111 1236 4188 et
1253 4107 1500 4211 repugnare
1517 4106 1759 4209 possimus

237 4293 243 4302 .
367 4217 419 4320 lt.
437 4211 644 4316 Domine,
676 4213 751 4321 qui
777 4211 916 4300 habes
942 4225 1140 4300 sanctam
1247 4223 1300 4325 ll.
1325 4217 1442 4303 Ecce
1477 4217 1599 4302 Deus
1633 4215 1839 4301 Salvator
1876 4239 2016 4300 meus:

312 4324 554 4426 scientiam,
580 4327 810 4412 manifeste
835 4338 884 4413 tu
908 4327 1010 4432 scis,
1038 4330 1140 4435 quia
1190 4328 1453 4417 fiducialiter
1478 4355 1622 4434 agam,
1653 4338 1698 4414 et
1727 4353 1817 4415 non
1842 4325 2016 4414 timebo.

311 4461 412 4521 cum
445 4463 471 4522 a
502 4450 645 4525 morte
675 4464 855 4547 possem
885 4439 1080 4542 liberari,
1116 4445 1139 4500 ²*
1197 4443 1345 4546 *Quia
1363 4440 1577 4529 fortitudo
1599 4449 1716 4546 mea,
1739 4451 1786 4527 et
1806 4441 1904 4526 laus
1921 4465 2015 4526 mea

309 4548 458 4635 Duros
490 4553 692 4660 corporis
719 4556 914 4639 susdneo
942 4550 1139 4639 dolores:
1189 4555 1423 4659 Deminus,
1448 4566 1494 4642 et
1515 4556 1656 4642 lactus
1673 4563 1742 4640 est
1758 4553 1866 4639 mihi
1884 4553 1930 4638 in
1953 4579 2015 4638 sa·

309 4662 552 4749 secundum
584 4666 773 4751 animam
799 4691 924 4771 vero,
954 4677 1139 4776 propter
1189 4669 1338 4756 litem.
1394 4665 1445 4770 v.
1470 4669 1645 4757 Bonum
1676 4671 1902 4753 certamen
1928 4690 2013 4752 cer·

307 4775 511 4862 timorem
542 4788 686 4882 tuum,
721 4777 908 4865 libenter
938 4780 1035 4866 haec
1063 4785 1138 4888 pa·
1188 4783 1297 4893 tavi,
1325 4782 1523 4892 reposita
1546 4790 1614 4867 est
1638 4780 1746 4865 mihi
1770 4784 1936 4867 corona
1957 4779 2012 4885 ju·

309 4889 408 4975 tior.
458 4889 507 4990 ll.
524 4891 710 4978 Gaudeo
725 4892 769 4976 in
782 4893 1072 5000 passionibus,
1092 4905 1138 4980 et
1189 4897 1330 5000 stltiae,
1349 4922 1482 5003 quam
1499 4893 2013 4981 reddetmihiDominus.

310 5001 532 5112 adimpleo
560 5030 629 5105 ea,
659 5030 758 5113 quae
786 5003 947 5093 desunt
970 5007 1137 5115 passio·
1189 5009 1313 5111 Quia.
1343 5009 1494 5095 Gloria
1510 5008 1641 5095 Patri.
1669 5006 1792 5113 Quia.

307 5142 413 5201 num
430 5117 592 5204 Christi
613 5118 659 5204 in
681 5143 939 5207 carnemea.
977 5121 1137 5206 Duros.
1494 5125 1647 5210 Lectio
1666 5127 1721 5208 ix.

599 5236 750 5319 Lectio
772 5237 855 5318 viii.
1197 5229 1455 5443 Induamus
1469 5233 1782 5336 loricamtidei,
1798 5241 2011 5320 utcontra

385 5343 415 5430 d
439 5350 626 5452 agonem
649 5347 909 5433 saecularem
932 5352 1135 5434 exercen·
1263 5348 1426 5433 inimici
1451 5348 1592 5454 jacula
1616 5351 1831 5434 munitum
1858 5346 1917 5432 sit
1940 5369 2010 5454 pe·

427 5470 500 5545 tur
521 5458 739 5564 homines,
767 5471 812 5548 et
835 5466 1064 5571 parantur,
1092 5470 1137 5546 et
1187 5469 1295 5564 ctus,
1314 5471 1359 5547 et
1374 5472 1529 5548 tutum
1565 5460 1760 5547 Calceati
1782 5459 1870 5546 sint
1887 5483 2009 5545 evan·

307 5598 512 5678 magnam
536 5575 722 5680 gloriam
749 5579 1008 5684 computant
1034 5580 1135 5680 age·
1185 5575 1327 5681 gelico
1345 5575 1603 5680 ministerio,
1626 5584 1672 5662 et
1689 5573 1847 5660 murati
1863 5571 2009 5682 pedes,
