4378 6202
296 514 366 589 18*
685 522 831 591 Octava
856 520 891 588 S.
916 519 1059 588 Isidori
1084 517 1324 604 Archicpisc.
1349 515 1606 604 Hispalensis

295 718 450 812 nes3et
464 733 565 793 cum
578 704 827 813 susceperi
842 712 958 803 vota,
973 701 1127 808 culpas
1400 709 1449 786 In
1475 707 1526 786 Π.
1555 707 1777 786 Nocturno.

296 832 471 907 nostras
498 816 669 905 orendo
703 824 876 904 excusa.
926 813 1126 899 Admitte
1204 819 1360 900 Sermo
1387 815 1426 898 S.
1453 811 1615 897 Isidori
1641 810 1990 918 Arcbiepiscopi.

295 946 470 1021 nostras
487 959 645 1042 preces
663 933 778 1017 intra
796 930 1037 1016 sacrorium
1055 954 1126 1013 ex·
1450 925 1737 1033 Hispalensis.

297 1046 550 1149 auditioniS,
583 1055 627 1133 et
657 1049 838 1153 reporta
864 1044 993 1129 nobis
1020 1045 1126 1125 anti·
1176 1055 1235 1122 Ex
1245 1054 1310 1124 lib.
1321 1054 1351 1122 2.
1367 1055 1413 1123 de
1424 1055 1525 1125 Eccl.
1540 1055 1637 1125 offic.
1652 1075 1734 1142 cup.
1747 1055 1777 1122 5.
1791 1053 1837 1122 de
1850 1052 2002 1124 Sacerd.

296 1160 452 1246 dotum
475 1158 857 1245 reconciliationis.
896 1156 961 1241 Sit
983 1164 1126 1263 perte
1478 1157 1629 1240 Lectio
1649 1157 1703 1238 iv.

297 1273 561 1375 excusabile,
581 1269 704 1381 quod
721 1298 802 1381 per
816 1280 862 1356 te
876 1271 1126 1375 ingerimus:
1251 1306 1287 1379 ,23
1300 1292 1460 1353 nnovo
1475 1269 1759 1355 Testamento
1775 1278 1881 1376 port
1897 1265 2010 1352 Chri-

294 1389 373 1472 fiat
396 1386 692 1494 impetrobile,
721 1384 841 1491 quod
869 1383 958 1469 fida
980 1391 1126 1467 mente
1189 1438 1218 1497 „s
1255 1388 1288 1487 q
1314 1392 1430 1467 stum
1448 1380 1736 1467 sacerdotolis
1755 1379 1867 1466 ordo
1887 1381 2008 1466 aPe·

295 1502 533 1609 poscimus.
563 1501 732 1608 Accipe
752 1499 871 1606 quod
890 1497 1126 1597 offerimus,
1204 1500 1207 1523 ⁵
1312 1505 1383 1580 tro
1395 1493 1616 1603 Apostolo
1629 1495 1780 1601 coepit:
1794 1494 1881 1601 ipi
1893 1495 2009 1578 enim

295 1614 463 1699 redona
475 1616 596 1721 quod
606 1618 822 1717 rogemus,
833 1617 994 1697 excusa
1006 1607 1128 1718 quod
1179 1611 1369 1718 primum
1398 1608 1527 1694 datur
1550 1608 1834 1716 pontificotus
1857 1608 1903 1691 in
1927 1609 2007 1691 Ec·

295 1728 519 1813 timemus:
557 1728 658 1834 quia
694 1736 743 1812 tu
778 1751 826 1810 es
863 1750 967 1832 spes
999 1725 1128 1808 unica
1176 1725 1314 1808 clesia
1341 1720 1516 1807 Christi.
1568 1721 1640 1804 Sic
1672 1720 1787 1804 enim
1812 1720 2008 1827 loquitur

295 1844 592 1948 peccaterum.
631 1840 717 1924 Per
738 1848 784 1923 te
807 1841 1037 1945 speremus
1057 1839 1127 1920 ve·
1180 1836 1238 1922 ad
1269 1863 1368 1922 eum
1395 1835 1627 1920 Dominus:
1658 1834 1728 1917 Tu
1762 1859 1826 1934 es,
1857 1833 2009 1940 inquit,

296 1956 415 2040 niam
439 1953 716 2056 delicturum,
741 1961 785 2038 et
807 1953 935 2052 inte,
960 1952 1126 2036 Beatis·
1179 1951 1347 2052 Petrus,
1370 1960 1415 2035 et
1433 1973 1567 2056 super
1585 1947 1698 2031 hanc
1715 1955 1888 2053 petram
1907 1946 2009 2032 aedi·

296 2068 423 2171 sima,
460 2071 711 2152 nostrerum
749 2075 817 2150 est
852 2064 1127 2171 exspectatio
1178 2062 1323 2148 fieebo
1342 2061 1587 2147 Ecclesiam
1611 2085 1770 2162 meam,
1796 2071 1840 2144 et
1864 2070 2008 2167 portae

295 2180 589 2289 praemiorum.
617 2181 786 2288 Accipe
803 2183 984 2284 insuper
1002 2175 1126 2263 obse·
1178 2176 1304 2262 inferi
1339 2201 1427 2261 non
1459 2172 1766 2282 praevalebunt
1796 2171 2010 2259 adversus

296 2295 448 2401 quium
479 2293 744 2379 famulorum
769 2296 946 2377 tuorum
974 2290 1019 2374 in
1045 2290 1128 2375 hac
1179 2315 1291 2393 eam3
1316 2300 1361 2377 et
1378 2288 1460 2374 tibi
1478 2286 1596 2373 dabo
1615 2285 1762 2372 claves
1781 2287 1904 2392 regni
1923 2312 2009 2371 coe·

297 2407 476 2512 regione
501 2406 770 2511 degentium,
798 2405 874 2512 qui
899 2405 944 2487 in
968 2403 1128 2503 multis,
1178 2404 1332 2488 lorum.
1368 2403 1455 2487 Hic
1473 2426 1578 2506 ergo
1597 2398 1774 2505 ligandi,
1790 2399 2009 2486 solvendi·

296 2525 556 2628 magnisque
574 2519 783 2628 periculis
803 2528 891 2603 ate
910 2517 1058 2624 adjuti,
1082 2518 1129 2600 in
1181 2543 1266 2625 que
1300 2519 1571 2624 potestatem
1612 2515 1782 2622 primus
1826 2515 2011 2622 accepit,

296 2635 410 2738 grati
429 2634 562 2719 onimi
580 2636 895 2740 argumentum,
916 2631 1022 2716 etin
1040 2655 1127 2715 me·
1179 2631 1435 2738 primosque
1458 2627 1514 2712 ad
1537 2626 1671 2713 fidem
1693 2627 1909 2735 populum
1926 2628 2011 2714 vir·

297 2747 483 2832 moriam
512 2748 828 2834 beneficiorum
861 2743 1128 2830 defensionis
1179 2752 1273 2831 tote
1318 2769 1410 2829 suae
1447 2740 1774 2850 praedicationis
1814 2740 2012 2827 adduxit.

298 2872 343 2947 et
356 2861 658 2967 protectionis,
678 2860 797 2950 aPio
814 2858 1003 2965 septimo
1017 2858 1127 2942 Pon·
1180 2857 1407 2964 Siquidem
1439 2866 1483 2941 et
1513 2856 1650 2942 ceteri
1677 2856 1883 2962 Apostoli
1910 2881 2014 2942 cum

297 2974 416 3059 tifice
429 2974 623 3059 Monimo
641 2975 687 3057 in
704 2973 770 3058 tui
784 2971 1129 3064 honoremlhanc
1181 2973 1314 3057 Petro
1339 2997 1421 3078 par
1446 2969 1718 3055 consortium
1741 2968 1939 3070 honoris,
1966 2977 2012 3054 et

299 3089 526 3174 consecuti
547 3097 649 3173 sunt
671 3087 954 3172 festivitotem
977 3085 1059 3170 sub
1077 3089 1128 3169 ti·
1180 3085 1417 3193 potestatis
1449 3085 1725 3189 aeceperunt.
1769 3082 1853 3184 Qui
1880 3081 2013 3166 etiam

297 3201 391 3286 tulo
423 3202 570 3286 Divini
600 3201 798 3286 Pastoris
829 3199 1002 3298 Matris,
1040 3223 1128 3304 quo
1181 3199 1224 3282 in
1242 3207 1338 3284 toto
1364 3195 1471 3283 orbe
1495 3195 1699 3303 dispersi,
1724 3194 2012 3300 Evangelium

299 3313 454 3399 fideles
475 3314 520 3398 in
544 3314 721 3400 civitate
741 3313 994 3420 Hispalensi
1012 3336 1128 3396 anno
1181 3311 1554 3420 praedicaverunt,
1595 3308 1844 3416 quibusque
1884 3308 2011 3395 deee-

297 3426 531 3512 millesimo
568 3425 959 3535 septingentesimo
995 3425 1128 3509 tertio
1182 3423 1386 3511 dentibus
1442 3425 1748 3509 successerunt
1801 3421 2011 3529 episcopi,
2180 3501 2181 3504 .

298 3548 341 3625 te
374 3541 576 3647 primitus
603 3540 874 3625 invocorunt.
926 3537 1129 3643 Denique
1183 3539 1258 3643 qui
1276 3547 1377 3624 sunt
1391 3536 1618 3622 constituti
1634 3562 1717 3644 per
1731 3546 1874 3621 totum
1890 3561 2011 3618 mun-
2180 3567 2181 3636 3

297 3655 598 3739 sanctissimus
650 3663 802 3739 noster
852 3651 956 3736 Pius
1007 3651 1129 3758 Papa
1182 3651 1287 3738 dum
1304 3653 1348 3736 in
1368 3651 1549 3737 sedibus
1566 3650 1898 3757 Apostolorum.
1927 3648 2013 3751 Qui
2180 3675 2181 3744 ξ

297 3792 439 3853 nonus
467 3763 864 3875 supplicationibus
892 3763 1129 3850 multorum
1181 3791 1270 3851 non
1297 3767 1382 3870 jam
1409 3767 1650 3867 exgenere
1678 3764 1820 3848 carnis
1846 3772 1890 3847 et
1914 3766 2009 3846 son-

297 3879 543 3968 Pra'rsulum
569 3885 783 3985 annuens,
815 3879 1020 3966 Officium
1052 3902 1127 3962 no·
1181 3880 1322 3985 guinis
1358 3879 1597 3984 eliguntur,
1637 3877 1752 3962 sicut
1786 3877 1910 3984 prius
1946 3899 2010 3960 se·
2180 3905 2181 3980 3

298 3994 524 4078 vissimum
556 4003 600 4078 et
625 3994 809 4080 Missam
838 3994 883 4076 in
914 3993 1130 4078 honorem
1181 3992 1373 4077 cundum
1400 3990 1600 4076 ordinem
1623 3991 1791 4090 Aaron,
1819 3989 1901 4075 sed
1926 4012 2010 4095 pro
2180 3995 2181 4030 ¹

299 4105 495 4211 ejusdem
547 4105 693 4194 beetae
738 4109 890 4192 Mariae
934 4105 1128 4210 Virginis
1180 4107 1522 4210 uniuscujusque
1581 4104 1690 4204 vita,
1752 4103 2010 4207 meritoque,
2180 4141 2181 4144 κ

299 4217 499 4326 pluribus
537 4221 734 4306 ecclesiis
775 4228 820 4306 et
865 4217 1129 4323 regulorium
1183 4218 1304 4328 quod
1321 4219 1366 4302 in
1385 4244 1485 4303 eum
1502 4218 1588 4302 Dei
1606 4216 1747 4321 gratia
1765 4213 2010 4301 contulerit.
2180 4307 2181 4320 Ν

300 4329 540 4417 Ordinibus
582 4333 769 4419 recitare
803 4330 991 4435 benigne
1027 4355 1128 4415 con·
1230 4335 1281 4438 Rs.
1309 4332 1461 4416 Inveni
1478 4328 1635 4415 David.

300 4444 444 4531 cessit.
495 4441 546 4546 lo.
577 4445 668 4532 Sub
686 4443 853 4531 umbra.
1481 4450 1635 4532 Lectio
1656 4476 1693 4528 v.

348 4581 390 4648 ln
408 4581 454 4649 ll.
473 4580 657 4668 Vesperis
675 4583 804 4650 omniu
822 4590 863 4649 ut
881 4583 920 4649 in
936 4583 1082 4669 primis.
1182 4525 1426 4775 Quomor
1441 4569 1587 4645 autem
1600 4562 1763 4663 genera
1776 4569 1877 4645 sunt
1888 4559 2008 4667 Apo·

299 4677 1129 4711 --·-’-·----
1284 4671 2009 4774 stolorumzunumaDeotantum,

600 4759 729 4844 Feri&
746 4758 825 4841 ῙΠ·
926 4765 930 4784 ’
1179 4796 1229 4871 ut
1250 4787 1443 4893 Moyses;
1471 4785 1657 4871 Alterum
1681 4811 1763 4893 per
1788 4784 2010 4871 hominem
2180 4871 2181 4878 .

351 4890 455 4987 90⁸1
472 4881 752 4966 DOmisslcam
766 4882 820 4964 Π·
839 4878 1077 4964 paschatis·
1181 4910 1226 4983 et
1238 4900 1394 5002 Deum,
1412 4908 1461 4985 ut
1474 4900 1499 4982 J
1502 4903 1626 4983 osue:
1645 4897 1822 4983 tertium
1840 4907 2011 4984 tantum

568 5026 625 5106 ln
654 5024 854 5108 Octava
1179 5038 1260 5119 per
1275 5012 1507 5114 hominem,
1526 5013 1638 5097 sicut
1651 5009 1721 5095 his
1735 5011 2010 5118 temporibus

301 5149 344 5233 s.
358 5149 542 5235 nidor-1
557 5147 826 5252 Archiepise.
841 5146 1126 5250 Hispalensis.
1180 5125 1305 5258 nure
1322 5126 1473 5257 favore
1491 5123 1659 5232 populis
1676 5133 1720 5209 et
1736 5129 2011 5231 potestatum

350 5279 487 5346 Omnia
519 5278 699 5347 dicuntur
727 5288 768 5347 nt
799 5278 838 5346 in
870 5278 948 5363 die,
985 5287 1126 5365 praeter
1179 5236 1856 5342 fflflacefdffllumflubfflgafltffl·
1875 5239 2010 5340 Quas·

296 5374 500 5445 Lectiones
526 5395 612 5460 qure
634 5373 698 5444 hic
723 5375 980 5461 assignantur.
1179 5363 1273 5438 tum
1309 5363 1456 5438 autem
1490 5378 1627 5456 genus
1665 5376 1720 5436 ex
1755 5377 1804 5436 se
1840 5361 1927 5452 est,
1962 5361 2012 5438 ut

350 5497 448 5566 lul.
478 5496 678 5567 Nocturno
714 5497 918 5567 Lectiones
951 5497 998 5566 de
1028 5497 1124 5566 Scri·
1179 5464 1606 5574 PSssUdOPTOPhbtaer
1651 5475 1695 5550 et
1730 5463 2010 5574 Pseud0396'

298 5605 409 5682 ptura
435 5603 666 5664 oecurrente.
1012 5601 1023 5616 '
1181 5580 1294 5665 stoli.
1334 5578 1452 5684 Quid
1470 5581 1527 5665 sit
1545 5589 1692 5665 autem
1708 5604 1871 5665 nomen
1889 5579 2009 5686 Apo·
