4378 6202
307 489 374 562 16*
609 498 652 567 ln
676 497 924 572 Solemnitate
949 502 985 572 S.
1008 503 1153 576 Isidori
1176 461 1417 596 Arcbiepisc.
1439 509 1699 598 Hispalensis.

305 680 549 767 Ecclesiam
583 683 872 789 quadraginta
898 684 1035 774 ferme
1062 713 1133 772 an·
1186 687 1369 776 dioecesi
1381 698 1598 800 perpetuo
1612 698 1886 785 retineretur.
1913 701 2014 805 Qui·

303 821 386 881 nos
403 795 708 903 gubernasset,
732 798 872 886 multo
891 800 1134 907 instantius,
1185 799 1270 887 bus
1303 806 1419 890 votis
1450 807 1554 895 Pius
1584 808 1708 916 Papa
1747 837 1890 898 nonus
1930 814 2013 900 cle·

304 919 437 1016 atque
455 910 696 1012 ardentius,
721 939 802 1020 per
825 939 904 999 sex
929 925 1030 1000 ante
1058 916 1132 1001 ob·
1186 919 1354 1002 menter
1386 917 1603 1024 deferens,
1639 923 1785 1030 iprum
1816 937 2015 1012 sanetum

302 1021 410 1108 itum
424 1049 599 1109 menses
610 1025 798 1111 assiduis
808 1025 1027 1134 precibus,
1040 1054 1132 1135 poe·
1184 1027 1428 1116 Doctorem
1471 1032 1599 1138 hujus
1642 1034 2014 1125 archidioeceseos

301 1137 497 1223 nitentiae
521 1164 573 1223 ac
596 1138 775 1246 pictatis
801 1140 1010 1247 operibus
1034 1167 1133 1227 sese
1183 1147 1457 1251 praecipuum
1466 1145 1707 1234 Patronum
1721 1148 1899 1236 demum
1913 1176 2014 1238 con·

301 1259 445 1336 totum
464 1250 598 1338 dedit.
635 1253 835 1340 Instante
854 1279 960 1358 ergo
978 1265 1132 1356 morte,
1183 1256 1335 1356 stituit,
1355 1257 1638 1365 ejusdemque
1651 1258 1813 1346 festum
1827 1263 1909 1348 sub
1927 1265 2014 1349 ritu

302 1369 549 1450 convocato
573 1365 710 1468 clerc,
732 1377 777 1452 et
794 1366 974 1474 populo,
993 1366 1132 1453 voluit
1184 1366 1350 1480 diplici
1368 1371 1522 1477 primae
1540 1373 1694 1458 classis
1711 1383 1757 1460 et
1773 1379 1943 1479 octava,
1961 1403 2014 1462 ac

300 1476 346 1560 in
371 1481 510 1565 sancti
531 1480 740 1588 Martyris
765 1481 987 1567 Vincentii
1008 1482 1129 1567 Basi-
1183 1480 1265 1567 sub
1283 1487 1472 1589 utroque
1495 1490 1722 1594 praecepto
1741 1488 1878 1575 recoli
1896 1516 2013 1576 man·

300 1590 432 1677 licam
459 1618 485 1676 a
510 1593 739 1702 discipulis
762 1595 807 1678 in
830 1593 948 1680 lecto
973 1593 1131 1702 depor-
1183 1591 1315 1680 davit.
1365 1605 1417 1712 Re.
1447 1600 1538 1687 Iste
1558 1609 1625 1684 cst
1645 1600 1730 1707 qui.

299 1706 396 1806 tari,
413 1703 489 1791 ubi
504 1706 561 1794 ab
574 1707 771 1815 Eparti0,
792 1718 836 1794 et
853 1708 1024 1794 Joanne
1042 1713 1130 1816 epi·
1400 1779 1450 1858 In
1469 1779 1597 1860 mN
1648 1781 1666 1862 t

300 1817 449 1924 scopis
474 1817 558 1905 sibi
581 1819 831 1906 clarissimis
853 1821 1012 1925 cilicio,
1037 1850 1130 1931 poe·
1294 1900 1303 1920 .
1488 1903 1497 1921 .
1533 1843 1541 1860 '
1599 1805 1646 1861 ⁰⁰
1668 1806 1784 1922 urfa

299 1930 533 2016 nitentium
560 1934 663 2037 ritu,
689 1934 887 2036 inditus,
914 1946 960 2022 et
983 1941 1130 2022 cinere
1182 1903 1335 1987 Meno
1361 1912 1501 1987 samm
1518 1902 1745 2041 EVQgffln
1768 1903 2014 1992 secfindum

300 2049 578 2152 conspersus,
600 2072 701 2133 cum
718 2046 878 2150 multis,
902 2058 948 2134 et
965 2050 1066 2150 suis,
1086 2060 1130 2136 et
1371 2143 1380 2161 ,
1462 2015 1734 2162 ‚Matthaeum

298 2158 454 2265 populi
483 2161 669 2245 astantis
703 2161 917 2263 lacrimis,
956 2187 1130 2248 sacrum
1256 2142 1411 2227 Ῑιθῦὓθ
1430 2174 1498 2228 vn.
1720 2149 1823 2254 Cal)-
1838 2149 1931 2235 5·b·

297 2269 521 2357 Viatieum
535 2271 592 2358 de
603 2277 755 2358 cerum
764 2273 1026 2358 manuhumi
1036 2301 1130 2383 pro
1228 2284 1258 2341 n
1283 2258 1360 2344 5110
1387 2263 1608 2392 tempore:
1638 2260 1764 2346 Dixit
1791 2261 1921 2347 Jeflllss
1948 2262 2009 2348 di·

298 2383 510 2471 cflmbens
525 2387 707 2493 accepit,
727 2386 796 2471 Ac
809 2397 911 2495 post
926 2400 1129 2494 quartum
1241 2371 1421 2481 scipulis
1436 2399 1542 2458 surs:
1556 2372 1652 2459 Vos
1667 2375 1772 2460 estis
1786 2373 1852 2458 sal
1863 2383 2013 2461 terrae:

297 2498 570 2603 poenitentiae
598 2498 732 2603 diem,
759 2500 1040 2587 facultatibus
1067 2509 1128 2586 in·
1180 2483 1314 2589 QUOd
1331 2487 1368 2570 ¹1
1386 2486 1453 2571 ⁸³1
1466 2487 1705 2589 evassfiefst’
1721 2487 1766 2571 51¹
1781 2513 1870 2596 <11¹0
1887 2489 2012 2574 83Ηὲ-

297 2611 426 2695 terim
451 2612 655 2699 omnibus
673 2613 718 2697 in
735 2620 957 2722 pauperes
975 2621 1126 2722 eroga·
1180 2598 1274 2683 tur?
1301 2598 1374 2685 Ad
1392 2598 1574 2685 sssslilum
1587 2599 1707 2686 valet
1721 2598 1847 2706 ultra,
1864 2601 1949 2686 nisi
1959 2613 2012 2690 ut

295 2723 371 2828 tis,
403 2750 503 2810 eum
535 2727 795 2812 concionem
825 2728 883 2814 ad
913 2731 1128 2836 populum
1179 2712 1378 2798 mittetur
1403 2713 1539 2815 foras,
1571 2722 1615 2797 et
1642 2713 1927 2800 conculcetur
1951 2714 2010 2800 ab

297 2838 623 2943 consolationis,
643 2851 688 2927 et
702 2840 1023 2928 benedictionis
1037 2845 1126 2952 ple·
1179 2825 1440 2913 hOmissibllfl·
1466 2825 1524 2912 Et
1541 2825 1721 2933 siliqua·

295 2976 398 3036 nam
414 2951 660 3057 habuisset,
684 2954 871 3042 sublatis
888 2956 947 3042 ad
965 2958 1127 3044 coelum
1182 2973 1370 3060 Homih'a
1406 2974 1447 3059 S,
1477 2972 1639 3059 Isidori
1669 2973 2011 3082 Archiepiscopi
2173 2937 2174 2942 .

296 3067 517 3172 manibus,
553 3066 825 3156 obdormivit
859 3070 905 3153 in
933 3070 1126 3160 deino
1449 3086 1736 3196 Hispalensis,

294 3178 437 3287 pridie
459 3207 599 3269 nonas
616 3182 793 3291 Aprilis.
832 3182 1040 3292 Sepultus
1058 3198 1136 3274 est
1235 3212 1294 3282 Ex
1317 3213 1399 3283 Lib.
1424 3215 1454 3284 2.
1480 3215 1528 3284 de
1553 3217 1651 3287 offic.
1674 3217 1776 3288 Ece1.
1801 3239 1885 3308 cap.
1908 3223 1938 3291 5.

295 3293 485 3402 Hispali,
503 3306 554 3382 ut
571 3297 669 3404 ipse
686 3297 990 3400 mandaverat,
1011 3301 1126 3386 inter
1409 3311 1456 3381 de
1480 3311 1767 3385 Sacerdotibus.

295 3407 547 3497 Leandrum
586 3420 632 3497 et
673 3420 870 3496 sanctam
913 3413 1126 3517 virginem
1225 3464 1259 3537 'l
1306 3412 1350 3496 ui
1393 3436 1500 3517 ergo
1547 3411 1730 3500 solverit
1772 3439 1907 3499 unum
1951 3411 2008 3502 de

294 3521 610 3629 Florentinam3
637 3524 755 3610 unde
779 3529 958 3633 petente
975 3526 1124 3613 Ferdi·
1214 3516 1257 3621 '³1¹
1329 3525 1547 3611 mandetis
1581 3526 1677 3611 istis
1713 3527 1921 3628 minimis,
1963 3539 2008 3614 et

294 3635 442 3724 nando
470 3639 632 3747 primo,
664 3638 868 3724 Castellae
897 3650 943 3726 et
968 3638 1123 3744 Legio·
1330 3637 1532 3724 docuerit
1555 3639 1619 3724 sic
1640 3638 1857 3744 homines,
1884 3641 2007 3725 mini·

292 3749 361 3835 nis
379 3776 497 3855 rege,
522 3753 691 3861 aliquot
708 3764 814 3861 post
831 3752 1021 3855 seculis,
1045 3755 1124 3841 Le·
1176 3777 1274 3837 mus
1295 3751 1527 3838 vocabitur
1549 3753 1594 3836 in
1617 3777 1754 3858 regno
1781 3752 2007 3840 coelorum

290 3863 466 3966 gionem
485 3865 724 3952 translatus
742 3877 822 3968 est
839 3867 884 3950 in
902 3867 970 3950 sui
987 3869 1123 3953 nomi·
1175 3865 1382 3950 Primitus
1408 3866 1574 3973 quippe
1599 3870 1885 3972 semetipsum
1912 3892 2006 3953 cor·

290 3975 359 4060 nis
378 3977 623 4082 Basilicam,
642 3978 718 4066 ubi
736 4004 894 4085 magna
912 3979 1124 4085 religione
1174 3983 1316 4083 rigere
1335 3977 1484 4082 debet,
1509 3978 1585 4087 qui
1607 3978 1719 4064 alios
1738 3978 1796 4065 ad
1813 3977 1927 4065 bene
1945 3981 2006 4066 vi·

292 4089 450 4176 celitur
464 4092 612 4178 multis
625 4093 847 4180 miraculis
861 4093 1016 4180 clarus.
1043 4095 1122 4180 Ec·
1175 4091 1366 4178 rendum
1395 4088 1633 4178 admonere
1665 4090 1830 4194 studet,
1861 4093 2006 4181 itaut
2171 4169 2172 4196 ,

292 4201 424 4288 elesia
448 4212 596 4291 tamen
613 4205 909 4314 Hispalensis,
934 4209 1026 4314 ejus
1050 4233 1122 4294 au·
1172 4204 1218 4289 in
1253 4205 1455 4291 emnibus
1490 4210 1775 4316 semetipsum
1817 4204 2005 4292 formam

291 4317 442 4423 spieiis
473 4317 723 4422 ingentibus
752 4344 778 4402 a
804 4320 996 4406 Demino
1023 4347 1121 4429 per·
1174 4317 1350 4406 vivendi
1381 4318 1600 4427 prebeat,
1637 4323 1911 4426 cunctosque
1947 4319 2004 4405 ad

291 4430 432 4538 ceptis
446 4431 684 4534 beneficiis,
696 4431 844 4540 ipsum
858 4430 914 4518 ab
930 4433 1121 4540 antiquis
1173 4432 1338 4521 bonum
1363 4458 1476 4541 opus
1499 4444 1544 4520 et
1562 4432 1779 4537 doctrina,
1804 4445 1850 4522 ct
1867 4439 2003 4541 opere

289 4543 564 4654 temporibus
608 4556 657 4631 ut
691 4551 966 4654 praecipuum
1001 4546 1121 4654 apud
1171 4550 1398 4656 provocet.
1439 4547 1521 4633 Cui
1540 4547 1672 4632 etiam
1691 4547 1874 4634 scientia
1891 4547 2002 4633 Scri·

289 4658 434 4744 Deum
457 4658 699 4745 Patronum
723 4661 921 4765 agnovit,
948 4684 1001 4745 ac
1024 4661 1120 4746 reli·
1172 4665 1402 4767 pturerum
1425 4661 1676 4746 necessaria
1703 4671 1783 4748 est.
1826 4659 1940 4763 Quia
1966 4659 2003 4744 si
2170 4728 2171 4763 ,

289 4770 537 4874 giosissime
562 4772 708 4858 coluit
746 4776 876 4858 Anno
900 4799 1006 4859 vero
1028 4773 1120 4858 mil·
1172 4774 1373 4882 episcopi
1411 4784 1582 4861 tantum
1621 4784 1775 4861 sancta
1812 4774 1871 4861 sit
1898 4775 1999 4875 vita,

288 4883 445 4972 lesimo
491 4889 857 4992 octingentesimo
902 4889 1119 4993 sexagesi·
1172 4886 1256 4974 ribi
1273 4888 1356 4974 soli
1373 4886 1558 4995 prodest
1575 4887 1640 4972 sic
1657 4887 1821 4972 vivens.
1858 4886 1999 4973 Porro

289 5023 363 5083 mo
398 5005 558 5088 octavo
592 4998 836 5090 Cardinalis
867 4999 1120 5087 Ludovicus
1171 5002 1208 5084 si
1241 5010 1287 5087 et
1309 5001 1537 5103 doctrina,
1568 5010 1614 5086 et
1639 5004 1845 5086 sermone
1870 4999 2002 5086 fuerit

288 5112 649 5221 archiepiscopus
686 5113 982 5222 Hispalensis,
1025 5124 1120 5199 tum
1171 5112 1390 5218 eruditus,
1427 5124 1577 5222 potest
1613 5116 1786 5198 ceteros
1822 5139 2002 5223 quoque

288 5249 381 5330 suo,
402 5235 496 5312 tum
515 5227 621 5315 cleri
637 5226 882 5337 populique
901 5226 983 5312 sibi
1002 5252 1118 5313 com·
1169 5226 1398 5330 instruere,
1417 5238 1461 5314 et
1475 5225 1637 5314 docere
1652 5249 1769 5328 suos,
1789 5235 1834 5311 et
1846 5225 2000 5312 adver·

286 5340 410 5426 missi
426 5341 614 5443 nominc,
633 5341 834 5426 aSancta
846 5338 961 5425 Sede
979 5341 1118 5425 enixis
1170 5339 1311 5426 sarion
1338 5346 1638 5450 repercutere,
1672 5339 1749 5445 qui
1778 5339 1864 5424 nisi
1890 5339 2001 5426 refu·

285 5452 493 5560 precibus
512 5453 822 5564 expostulavit,
841 5463 890 5538 ut
907 5453 1019 5539 tanti
1029 5454 1117 5563 Do·
1168 5454 1252 5539 tati
1275 5454 1454 5556 luerint,
1481 5464 1614 5563 atque
1638 5452 1845 5558 convicti,
1872 5453 2001 5540 facile

285 5569 421 5654 cteris
438 5572 700 5677 patronatus
716 5567 762 5653 in
779 5567 864 5656 hac
881 5568 1060 5655 civitate
1074 5577 1119 5653 et
1168 5577 1358 5676 possunt
1380 5567 1646 5676 simplicium
1669 5563 1805 5655 corda
1821 5569 1999 5675 perver-
