4354 6184
268 473 337 548 62*
571 487 742 574 Septima
768 488 830 554 die
855 487 955 554 infra
979 487 1058 556 Oct.
1084 489 1119 556 S.
1143 487 1344 556 Francisci
1369 488 1417 556 de
1441 488 1564 556 Paula
1589 487 1696 558 Conl.

269 661 373 748 Non
400 663 621 752 immerito
657 665 744 751 ille
764 693 842 753 vas
875 670 1103 755 electionis
1155 672 1418 778 occultaque
1445 695 1498 756 ac
1520 671 1618 770 unis
1642 680 1748 754 nota
1773 669 1987 756 audienti-

271 800 371 860 cum
388 776 555 880 ingenti
572 778 729 864 laetitia
742 779 868 866 dixit:
885 781 989 866 Non
1002 794 1104 869 sunt
1153 784 1236 869 bus
1255 809 1345 868 non
1363 782 1500 868 semel
1518 781 1738 887 patefecit.

271 888 502 991 condignae
529 889 760 994 passiones
784 891 911 997 hujus
933 898 1102 1000 tempo·
1212 904 1263 1004 ll.
1284 896 1425 980 Duxit
1440 919 1551 980 eum.
1568 893 1652 976 49*

269 999 331 1082 ris
344 998 403 1084 ad
414 1009 779 1107 superventuram
792 1004 988 1108 gloriam,
1003 1031 1103 1112 quae
1468 1011 1622 1093 Lectio
1643 1039 1680 1093 v.

271 1111 538 1198 revelabitur
571 1114 616 1196 in
646 1115 785 1200 nobis.
837 1117 954 1203 Ecce
985 1119 1102 1204 unde
1160 1117 1304 1326 Inter
1332 1124 1480 1205 cetera
1506 1117 1644 1202 divini
1669 1117 1861 1224 Spiritus
1886 1117 1987 1203 cha·

269 1223 379 1346 illud
405 1227 554 1330 jugum
580 1231 717 1312 suave
744 1238 829 1331 est,
860 1239 905 1314 et
932 1233 1104 1316 sarcina
1230 1237 1429 1333 rismata,
1454 1228 1614 1337 quibus
1631 1228 1894 1313 Franciscus
1913 1229 1986 1314 ab·

269 1336 392 1423 levis.
431 1337 490 1423 Et
509 1337 546 1422 si
567 1345 753 1442 angusta
772 1350 840 1427 est
856 1343 1010 1449 paucis
1029 1344 1102 1428 eli·
1153 1343 1353 1442 undavit,
1383 1342 1631 1449 prophetiae
1660 1364 1839 1447 quoque
1867 1341 1988 1426 dono

271 1447 497 1552 gentibus,
538 1450 682 1536 facilis
717 1461 866 1538 tamen
901 1455 1103 1541 omnibus
1153 1456 1335 1541 illustris
1373 1455 1463 1540 fuit.
1520 1453 1672 1538 Multis
1713 1452 1908 1537 honores
1942 1463 1989 1538 et

272 1558 569 1662 diligentibus.
594 1562 716 1648 Dicit
729 1565 980 1650 Psalmista:
998 1566 1102 1650 Pro·
1154 1567 1413 1671 dignitates,
1465 1564 1687 1650 nonnullis
1742 1567 1989 1650 extremum

271 1679 371 1778 pter
398 1673 534 1758 verba
564 1673 783 1761 labiorum
814 1682 991 1762 tuorum
1018 1703 1102 1783 ego
1154 1679 1286 1784 diem,
1310 1679 1407 1764 aliis
1425 1683 1659 1786 prospera,
1683 1676 1778 1762 aliis
1796 1677 1989 1763 infausta

272 1784 494 1872 custodivi
505 1787 599 1871 vias
613 1785 758 1874 duras.
776 1788 864 1875 Sed
878 1814 978 1895 quae
993 1789 1103 1876 dura
1154 1817 1301 1888 rerum
1337 1795 1495 1876 eventa
1529 1790 1668 1874 multo
1702 1798 1805 1873 ante
1836 1790 1988 1895 praesi·

272 1906 374 1981 sunt
413 1898 739 2002 laborantibus,
783 1903 950 1988 eisdem
992 1904 1102 2010 ipsis
1153 1905 1314 2009 gnavit.
1356 1901 1834 2008 Constantinopolitani
1851 1901 1988 2008 impe-

271 2009 508 2097 mitescunt
525 2013 786 2099 amantibus.
1153 2018 1208 2100 rii
1240 2041 1410 2117 carum,
1445 2015 1722 2099 imminentes
1754 2013 1989 2098 catholicae

327 2127 388 2208 Te
406 2125 551 2209 Deum
568 2123 809 2211 laudamus.
1153 2129 1367 2215 Ecclesiae
1391 2127 1682 2226 calamitates,
1704 2134 1799 2210 tum
1819 2125 1908 2210 alia
1926 2125 1989 2210 di·

272 2249 1098 2264 m
1154 2238 1990 2459 :tristarentur

307 2421 351 2505 S·
377 2421 635 2508 mmm
653 2421 723 2568 ,de
750 2421 910 2507 Fama
943 2427 1064 2508 conf·
1153 2475 1285 2572 partu
1312 2462 1746 2571 quadringentesimo
1772 2461 1991 2564 octogesi-

558 2555 820 2642 Semrduplex.
1153 2604 1227 2664 mo
1255 2600 1387 2684 supra
1415 2575 1712 2676 millesimum,
1742 2573 1991 2658 Turcarum

328 2679 373 2748 In
401 2679 428 2748 Ι.
457 2677 493 2746 N
497 2685 658 2748 octurno
690 2675 895 2744 Lectiones
929 2675 976 2743 de
1006 2675 1105 2746 Scri·
1153 2692 1397 2797 imperator
1428 2687 1713 2796 Hydrflntum
1747 2689 1792 2772 in
1823 2687 1989 2774 Taren.

274 2784 388 2863 ptura
412 2779 647 2844 occurrente.
719 2783 721 2787 ’
806 2814 813 2844 ²
965 2819 969 2828 ‘
1153 2803 1256 2888 tinis
1280 2808 1519 2909 expugnat,
1545 2801 1663 2885 edita
1687 2800 1811 2885 caede
1836 2825 1989 2884 cruen-

391 2923 393 2926 ’
501 2903 550 2982 In
576 2899 878 2981 H·N0⁰i1¹ffl⁰·
1154 2915 1324 3001 tissima
1348 2918 1669 3021 oppressorum
1695 2911 1868 2997 civium.
1913 2912 1989 2998 Vi-

503 3089 507 3100 .
576 3027 728 3112 Lectio
747 3027 801 3108 iv.
1155 3037 1252 3114 ctor
1268 3025 1484 3112 barbarus
1499 3025 1631 3110 obvia
1648 3048 1838 3130 quaeque
1853 3022 1991 3131 depo·

427 3135 681 3223 dmirabiles
717 3163 838 3245 saepe
868 3138 913 3222 in
944 3141 1104 3225 oratio·
1153 3139 1410 3246 pulabatur,
1445 3163 1498 3222 ac
1531 3136 1705 3221 Italiam
1738 3138 1992 3221 universam

247 3280 249 3284 ·
338 3250 401 3347 K,
443 3250 512 3333 nis
536 3274 628 3334 suae
650 3248 824 3335 fervore
842 3251 1104 3338 Franciscus
1154 3255 1326 3337 terrore
1352 3249 1587 3336 concussit.
1637 3249 1693 3335 Id
1718 3249 1860 3335 multo
1887 3259 1992 3335 ante

287 3352 297 3391 ²
335 3358 360 3371 “’
443 3363 638 3447 ecstases
669 3362 931 3470 patiebatur.
979 3363 1106 3450 Multi
1154 3363 1416 3450 Franciscus
1434 3361 1621 3448 viderat:
1644 3372 1689 3449 et
1705 3363 1991 3449 Ferdinando

272 3473 396 3559 illum
432 3499 512 3560 sex
547 3474 708 3560 cubitis
755 3476 1023 3582 quandoque
1060 3477 1106 3560 in
1156 3478 1300 3584 primo
1339 3475 1636 3582 Neapolitano
1681 3477 1776 3580 regi
1816 3483 1992 3562 matare

272 3585 460 3672 sublime
473 3585 638 3673 clatum
649 3587 815 3673 vidisse
828 3588 980 3673 testati
993 3600 1105 3674 sunt.
1157 3588 1504 3676 denuntiaverat

273 3697 547 3799 Quinetiam
564 3698 835 3804 Angelorum
861 3699 1023 3786 choros
1048 3700 1106 3786 ad
1209 3709 1261 3812 ll.
1286 3700 1414 3786 Circa
1432 3700 1566 3784 illum.
1585 3700 1668 3783 49*

273 3834 376 3895 eum
385 3809 624 3918 aliquando
639 3811 933 3915 descendisse,
948 3814 1105 3898 dulcis·
1458 3813 1610 3896 Lectio
1624 3815 1678 3896 vi.

273 3923 484 4028 simisque
499 3925 731 4031 spirituum
746 3924 994 4010 coelestium
1007 3930 1103 4011 can·
1234 3937 1254 4012 t
1279 3923 1562 4013 Ferdinando
1592 3949 1698 4028 rege
1729 3923 1993 4030 impendens

272 4033 373 4119 ticis
398 4036 534 4121 fuisse
560 4042 823 4138 recreatum,
847 4042 1104 4142 argumento
1277 4040 1441 4123 malum
1482 4036 1662 4121 minime
1697 4038 1994 4142 praecavente,

274 4156 376 4232 sunt
392 4147 672 4254 psallentium
690 4151 737 4234 in
749 4149 908 4235 cellula
922 4155 1104 4236 concen·
1156 4152 1428 4254 Franciscus,
1448 4150 1690 4236 christiano
1710 4147 1881 4255 populo
1899 4153 1995 4234 sce·

273 4269 346 4344 tus
369 4251 517 4345 auditi.
559 4261 657 4347 Nec
674 4261 793 4348 aliud
817 4263 862 4346 in
887 4289 1019 4348 causa
1044 4263 1105 4348 fu·
1156 4263 1297 4348 lerum
1320 4288 1454 4348 causa
1476 4263 1622 4348 Deum
1647 4261 1808 4354 iratum
1833 4259 1994 4345 intelli-

272 4377 361 4457 isse
384 4371 601 4459 creditum
620 4385 704 4476 est,
730 4373 853 4481 quod
871 4377 1008 4462 semel
1026 4377 1105 4461 Ca·
1156 4401 1280 4479 gens,
1304 4377 1451 4483 ipsum
1472 4375 1668 4482 placare,
1692 4384 1738 4458 et
1757 4371 1996 4458 imminens

272 4483 417 4570 tolum
440 4490 666 4589 octavum,
692 4489 921 4574 Gallorum
944 4514 1105 4595 regem,
1156 4487 1299 4573 Italiae
1318 4488 1538 4575 excidium
1550 4490 1750 4572 avertere
1764 4484 1995 4588 sollicitus,

273 4622 363 4682 non
388 4595 631 4712 admiserit,
659 4601 744 4685 etsi
769 4599 827 4686 ad
854 4601 1018 4686 ostium
1043 4602 1104 4686 in·
1156 4600 1447 4708 popularibus
1473 4601 1597 4708 prius
1626 4597 1811 4706 periculi
1838 4597 1992 4684 admo·

274 4714 443 4796 starent
459 4711 648 4797 ministri
665 4737 815 4815 regem
829 4712 987 4800 adesse
1000 4739 1105 4798 nun·
1157 4713 1275 4815 uitis,
1298 4712 1357 4799 ad
1383 4713 1626 4798 orationem
1651 4721 1696 4797 et
1713 4711 1922 4817 jejunium
1942 4736 1992 4797 se

272 4825 452 4926 tiantes,
475 4825 559 4910 nisi
578 4825 701 4936 quod
719 4825 856 4930 Regis
873 4851 1042 4930 regum,
1062 4839 1107 4913 et
1157 4827 1389 4912 convertit.
1416 4827 1573 4929 Itaque
1589 4825 1634 4909 in
1653 4824 1856 4910 cubiculo
1874 4825 1991 4910 clau-

273 4937 453 5021 Domini
481 4937 802 5024 dominantium
831 4940 1107 5044 majestatem
1158 4964 1245 5040 sus,
1264 4952 1309 5026 et
1321 4938 1467 5024 inedia
1481 4940 1741 5038 macerante,
1759 4961 1849 5021 non
1865 4939 1992 5045 prius

275 5049 405 5136 altius
424 5051 807 5158 contemplaretur.
839 5048 979 5134 Multa
998 5048 1105 5136 divi·
1158 5050 1343 5154 destitit,
1368 5076 1499 5158 quam
1524 5049 1686 5135 divinae
1707 5049 1752 5132 in
1774 5050 1992 5156 populum

273 5163 391 5248 nitus
421 5165 466 5249 in
493 5165 697 5250 oratione
728 5161 928 5249 coelestia
953 5161 1108 5248 didicit
1157 5164 1474 5250 misericordiae
1525 5164 1686 5270 pignus
1732 5166 1991 5268 accepisset.

274 5279 449 5380 arcana3
481 5277 802 5384 spirituumque
829 5274 1106 5360 discretionis
1158 5277 1284 5362 Tude
1313 5276 1538 5380 digressus
1569 5301 1594 5360 e
1626 5274 1802 5376 cellula,
1836 5299 1991 5360 omnes

275 5386 395 5500 dono
425 5390 609 5494 insignis
635 5386 978 5496 inexplorabiles
1005 5412 1106 5473 con·
1158 5391 1216 5475 ad
1234 5389 1500 5497 patientiam,
1524 5389 1744 5493 animique
1758 5385 1901 5472 robur
1917 5386 1991 5471 ad·

275 5501 470 5588 scientiae
492 5502 688 5589 latebras
713 5499 905 5588 noiuillis
923 5501 1107 5610 aperuit,
1156 5501 1380 5604 hortatus,
1412 5501 1546 5586 etiam
1576 5499 1654 5585 ubi
1683 5499 1803 5598 nulla
1828 5497 1992 5586 iutrirae
