4354 6184
994 485 1111 558 Festa
1133 484 1250 554 Junii.
1274 485 1359 570 (20.)

324 693 402 772 est
446 679 615 786 Quibus
641 679 726 765 Dei
750 678 939 765 tamnus
966 676 1150 780 eddidit,
1201 680 1286 783 jam
1308 703 1423 787 pene
1448 679 1692 781 confectus,
1720 679 1907 764 animam
1927 682 2016 767 Deo

323 795 489 883 dicens:
514 796 573 881 Et
598 796 684 900 jam
709 796 908 878 mortuus
936 801 1019 896 est,
1048 814 1150 876 nam
1201 790 1395 878 reddidit
1422 801 1582 900 quarto
1610 789 1784 880 decimo
1812 793 2017 882 Calendas

322 908 529 998 hesterno
549 906 638 1010 die,
661 905 771 992 hora
788 930 922 1009 nona,
945 905 1060 991 inter
1075 903 1102 988 J
1104 927 1148 990 o·
1201 905 1324 990 Julii:
1356 908 1447 1014 ejus
1479 931 1587 993 vero
1621 933 1785 1016 corpus
1819 909 2018 1012 exanime,

323 1027 481 1110 ennem
506 1022 675 1129 Papam
701 1029 746 1106 et
771 1021 1049 1127 Sy'mmacum
1074 1042 1149 1124 pa·
1201 1019 1386 1123 genibus
1421 1020 1717 1130 complicetis,
1756 1025 1904 1108 erecta
1937 1047 2018 1108 cer-

321 1137 495 1224 tricium
529 1133 636 1219 mihi
669 1134 875 1241 apparuit
911 1131 1152 1218 discinctus
1202 1136 1298 1218 vice
1329 1140 1611 1242 extensisque
1643 1135 1689 1220 in
1724 1134 1862 1221 altum
1895 1137 2018 1222 meni-

323 1260 368 1336 et
390 1247 682 1335 discalceetus
706 1256 751 1332 et
767 1246 925 1332 vinctis
948 1241 1150 1329 menibus
1201 1243 1304 1349 bus,
1335 1251 1578 1356 repertum,
1609 1247 1853 1336 honorifico
1886 1251 2020 1359 sepul·

323 1359 538 1449 deductus
560 1361 607 1444 in
627 1359 741 1446 hanc
759 1358 946 1444 vicinam
961 1355 1151 1442 Vulceni
1203 1358 1310 1445 chro
1338 1359 1564 1447 conditum
1591 1371 1676 1463 cst,
1702 1373 1837 1470 prout
1862 1362 1908 1446 in
1933 1362 2020 1448 bre·

142 1489 147 1497 ·
323 1475 457 1562 ollam
481 1476 667 1582 jactetus
695 1481 775 1560 cst.
828 1470 957 1574 Quod
987 1469 1052 1554 illi
1079 1493 1151 1554 au·
1202 1471 1341 1558 vierio
1376 1473 1606 1560 Gallicano
1640 1475 1837 1578 habetur.
1888 1475 2019 1562 Porro

323 1586 512 1689 dientes,
561 1585 750 1672 sollicite
794 1583 1152 1691 conscripserunt
1203 1584 1400 1693 ejusdem
1431 1587 1592 1674 festum
1624 1589 1669 1674 in
1701 1588 1862 1675 Siciliae
1893 1613 2020 1694 regno

323 1701 454 1812 diem,
473 1710 607 1808 atque
625 1699 671 1784 in
688 1698 863 1784 ltaliam
879 1697 1062 1797 reversi,
1079 1699 1150 1780 ed·
1204 1698 1408 1788 Clemens
1423 1700 1546 1810 Papa
1560 1705 1744 1788 octavus
1763 1704 1845 1789 sub
1864 1701 2021 1809 duplici
2136 1714 2137 1800 l

322 1813 424 1900 dem
451 1812 522 1900 die
550 1811 881 1900 Theodoricum
910 1835 1060 1915 regem
1089 1808 1150 1894 in·
1204 1811 1338 1898 officii
1354 1813 1441 1902 ritu
1458 1814 1674 1901 celebrari
1691 1816 1923 1902 concessit

321 1931 534 2015 venerunt
557 1926 693 2012 fuisse
715 1930 955 2026 mortuum,
980 1948 1068 2029 quo
1094 1920 1151 2010 de
1253 1927 1306 2030 ll.
1331 1927 1423 2014 Iste
1440 1927 1587 2014 homo.

323 2042 414 2147 ejus
440 2041 577 2145 exim,
602 2050 735 2146 atque
752 2038 970 2147 supplicio
988 2037 1073 2123 Dei
1090 2036 1150 2121 fd·
1254 2065 1298 2134 ln
1321 2065 1387 2135 III.
1402 2063 1439 2134 N
1442 2071 1602 2135 octurno
1623 2065 1796 2136 Humilia
1818 2065 1858 2136 in
1882 2067 2017 2154 Euang.

322 2154 440 2242 mulo
459 2154 858 2240 fuerat‘ostensum.
883 2151 941 2238 Et
960 2149 1063 2257 quia
1079 2149 1150 2235 Jo·
1202 2160 1349 2233 Euntes
1378 2161 1420 2232 in
1446 2163 1633 2236 mundum
1658 2163 1893 2237 universum
1920 2163 2016 2234 utin
2137 2172 2138 2230 l

322 2271 480 2353 mem
496 2268 665 2375 Papam
685 2261 921 2370 affligendo
944 2262 989 2348 in
1007 2265 1152 2348 custd·
1202 2256 1318 2328 Festo
1341 2257 1397 2328 SS.
1423 2257 1578 2348 Cyriaci
1603 2267 1640 2330 ei
1663 2259 1808 2332 SOCiOr.
1832 2261 1941 2332 Mari.
1964 2261 2017 2329 dle

322 2377 396 2466 dia
418 2377 600 2482 occidit,
625 2379 993 2486 Symmacflmque
1019 2379 1151 2483 pan-1⁶,
1202 2355 1235 2424 8.
1259 2355 1428 2442 Augusti
1458 2376 1544 2426 cum
1567 2355 1649 2476 llll3
1679 2357 1727 2428 de
1751 2359 1897 2430 Comm.
1921 2357 2017 2429 Conl.

322 2493 438 2580 uum
455 2493 571 2582 ferro
590 2491 838 2602 trucidarit,
861 2488 918 2576 ab
935 2488 1022 2574 uns
1041 2489 1152 2594 iuste
1202 2471 1278 2520 ⁰0¹¹
1301 2452 1411 2522 P⁰¹¹t

320 2605 529 2710 inignem
553 2604 713 2694 missus
732 2603 952 2713 apperuit,
976 2627 1091 2708 quos
1106 2601 1152 2686 in
1457 2627 1543 2713 Die
1560 2631 1634 2712 20.
1650 2629 1778 2714 Μ,

322 2718 406 2804 hac
440 2719 533 2803 vita
567 2720 727 2824 injuste
761 2717 989 2823 iudicerat.
1040 2715 1152 2800 Haec
1510 2751 1722 2835 Octava

323 2832 750 3049 Gflgssffiffl·eum
1276 2878 1954 2966 suntonuuerauuaoonr.

622 3056 775 3142 Lectio
794 3055 846 3138 vi.

409 3180 482 3258 ost
519 3168 618 3257 haec
652 3169 953 3256 sanctissimus
990 3167 1153 3255 Christi

427 3284 665 3370 Confessor
679 3280 888 3369 divinitus
902 3281 1152 3368 admonitus
1231 3339 1316 3402 tura
1367 3353 1409 3402 cc
1526 3342 1542 3404 t

323 3397 427 3486 inre
463 3397 520 3484 ar
556 3395 957 3499 cimmeriorum,
992 3395 1153 3482 sreurae
1203 3351 1228 3420 ρ
1341 3353 1364 3404 ⁰
1410 3355 1525 3404 mn
1544 3356 1574 3404 e·

322 3521 518 3599 montem
536 3535 679 3619 prope
692 3511 874 3596 Saccam
892 3510 957 3595 sic
974 3508 1152 3614 dictum,
1435 3473 1486 3553 1¹²
1506 3475 1557 3554 ῙῙ·
1577 3475 1800 3618 Qum&
1888 3600 1898 3618 .

324 3651 372 3712 se
397 3623 597 3725 centulit,
621 3625 742 3731 cujus
766 3623 852 3709 iter
876 3623 1007 3709 etiarn
1030 3623 1153 3712 Deus
1338 3599 1490 3685 SfflssO
1516 3609 1658 3685 flanctl
1672 3597 1901 3732 ‚Befflifdl

323 3737 545 3825 miraculis
566 3736 816 3842 illustravit;
839 3762 942 3822 nam
958 3737 1154 3839 Saccam,
1517 3711 1718 3799 Abbifflfl·

324 3849 521 3958 ejusdem
543 3849 699 3937 insulae
720 3848 890 3951 urbem,
916 3848 1153 3936 deveniens
1381 3846 1498 3918 serm.
1514 3851 1545 3920 2.
1563 3851 1611 3920 de
1628 3851 1664 3922 S.
1679 3853 1846 3926 Victore.

324 3970 518 4071 aegrotos
536 3964 707 4050 sanavit
721 3963 894 4070 aliaque
914 3986 1046 4070 quam
1059 3962 1153 4070 plu·
1504 3963 1658 4050 Lectio
1676 3966 1730 4050 iv.

323 4079 434 4165 rima
448 4077 587 4164 edidit
603 4076 824 4180 mirecula,
843 4085 888 4162 et
904 4075 1063 4162 incolae
1079 4074 1153 4161 ba·
1213 4088 1324 4193 Jffpt
1337 4072 1496 4160 audete
1526 4075 1571 4157 in
1598 4074 1811 4176 Domino,
1843 4073 2021 4162 dilectis·

325 4191 481 4300 ptizdti
508 4199 620 4278 sunt
661 4190 852 4276 Domum
879 4214 979 4274 cum
1005 4188 1153 4274 multis
1209 4192 1255 4299 lq
1354 4186 1467 4288 simi,
1491 4186 1567 4295 qui
1583 4188 1697 4274 inter
1715 4189 1924 4272 continua
1940 4207 2022 4269 suae

323 4303 503 4392 floreret
516 4301 763 4406 virtutibus,
781 4305 890 4406 (erat
908 4301 1024 4388 enim
1041 4326 1152 4408 prae·
1220 4308 1323 4353 Ἃ»-
1352 4300 1531 4409 pietetis
1543 4298 1757 4388 beneficia
1770 4297 1952 4385 indulsit
1963 4297 2024 4382 ho

324 4427 393 4505 ter
416 4420 580 4516 cetera,
606 4425 655 4505 ut
681 4417 775 4521 jam·
789 4414 965 4501 abunde
988 4413 1153 4501 dictum
1204 4414 1366 4502 minem
1389 4411 1574 4517 mundo,
1601 4414 1721 4520 cujus
1745 4412 1872 4500 multi
1895 4411 2022 4498 salva·

326 4541 404 4632 est,
422 4528 685 4615 abstinentia
702 4526 964 4630 incredibili,
986 4526 1153 4633 jejuniis
1204 4531 1355 4615 rentur
1369 4526 1584 4634 exemplo.
1603 4526 1771 4612 Iterum
1785 4524 1904 4612 dico:
1918 4527 2021 4612 Gau·

326 4643 572 4749 vigiliisque
595 4640 789 4743 deditus,
814 4650 859 4728 et
884 4640 1073 4727 orationi
1092 4639 1153 4726 ita
1205 4638 1318 4744 dete,
1338 4639 1459 4747 quod
1471 4640 1614 4726 lactus
1632 4639 1690 4727 de
1706 4637 1855 4726 medio
1873 4661 2022 4748 appro-

324 4756 529 4856 intentus‚
547 4753 834 4862 utprecendo
852 4753 1003 4854 aDeo,
1023 4777 1154 4859 quam
1203 4754 1344 4863 piavit
1369 4754 1486 4856 Deo,
1516 4762 1565 4839 ut
1590 4753 1731 4839 multo
1762 4752 1913 4861 plures
1941 4751 2021 4856 ejus

324 4867 516 4978 plurimu
545 4865 803 4954 mirabiliter
834 4865 1154 4974 impetraveris
1203 4867 1519 4954 intercessione
1545 4865 1779 4954 salventur.
1826 4867 1879 4950 ln
1903 4862 2021 4955 terris

326 4981 509 5068 morbos
539 4981 655 5066 enim
679 4979 944 5065 insanabiles
975 4978 1154 5079 curevit,
1204 4980 1326 5066 visus
1341 4989 1420 5081 est
1438 4990 1488 5068 ut
1505 4989 1623 5066 esset
1640 4979 1862 5087 exemplo:
1881 4979 1928 5064 in
1944 4999 2020 5062 coe·

326 5107 372 5182 et
404 5095 664 5184 balneorum
689 5095 874 5180 virtutes
906 5103 952 5180 et
982 5091 1155 5178 sedium
1204 5092 1297 5180 lum
1317 5093 1489 5180 levetus
1513 5102 1596 5196 est,
1619 5102 1668 5179 ut
1693 5093 1751 5178 sit
1773 5089 2020 5200 patrocinio.

324 5208 487 5296 montis
501 5218 634 5314 atque
648 5211 862 5314 aquarum
876 5203 1038 5292 decuit.
1054 5204 1153 5290 Dae-
1205 5206 1291 5292 Hic
1308 5206 1515 5294 informat
1532 5205 1590 5291 ad
1602 5203 1756 5310 vitam;
1772 5205 1861 5292 illic
1877 5206 2020 5290 invitat

325 5347 509 5408 monum
549 5329 664 5408 aestu
707 5319 898 5427 agitatos
940 5319 1154 5420 liberent,
1205 5319 1264 5408 ad
1282 5321 1483 5426 gloriam:
1498 5321 1642 5409 iactus
1659 5319 1954 5416 estmedietor
1970 5309 2019 5400 ad

327 5435 523 5543 quinimo
545 5437 636 5542 ejus
654 5435 794 5524 virtus
815 5435 860 5518 in
879 5430 1154 5520 daemdnibus
1205 5459 1398 5540 regnum,
1419 5435 1496 5539 qui
1513 5433 1594 5523 fuit
1609 5433 1815 5522 incitetor
1833 5431 1888 5520 ad
1906 5451 2017 5540 opus

326 5547 574 5655 effugandis
604 5547 791 5634 maxime
827 5547 997 5652 enituit)
1031 5545 1155 5632 senio
1205 5545 1358 5633 Bonus
1378 5543 1613 5650 mediator,
1639 5545 1715 5654 qui
1739 5544 1822 5632 sibi
1845 5547 1928 5654 jnrn
1949 5543 2017 5650 pb

1533 3000 1700 3092 Duplex.

1259 3111 1396 3182 Omnia
1419 3121 1461 3184 ut
1484 3115 1523 3184 in
1546 3115 1611 3186 die
1632 3115 1737 3200 festi,
1763 3123 1909 3204 practer
1929 3115 2021 3186 Lect

1255 3233 1300 3304 In
1330 3233 1357 3306 I.
1387 3235 1589 3310 Nocturno
1620 3236 1826 3310 Lectiones
1859 3239 1907 3308 de
1935 3237 2022 3310 Scri·
2139 3239 2140 3248 ’
