4354 6184
262 479 333 553 58*
576 499 716 580 Quinta
742 499 804 566 dic
829 498 929 566 infra
953 497 1032 567 Oct.
1058 497 1092 566 S.
1118 497 1317 566 Francisci
1341 497 1388 606 de
1411 496 1534 564 Paula
1558 496 1666 566 Conl.

266 666 388 776 quod
406 668 544 771 audit,
566 669 780 773 intelligit.
820 670 1096 757 Promittitur
1147 697 1248 756 men
1266 682 1336 758 est
1358 670 1561 772 inditum,
1586 670 1661 777 qui
1677 673 1848 777 primus
1865 672 1984 758 inter

264 780 394 866 nobis
431 783 698 887 conspectus
733 782 837 882 Dei,
872 783 966 867 veri
999 783 1096 885 Dei,
1148 784 1308 871 Galliae
1330 808 1458 886 reges
1479 782 1598 869 idem
1621 807 1782 870 nomen
1802 784 1982 868 invexit

263 893 423 978 summi
439 893 534 978 Dei.
576 895 674 978 Hoc
698 894 1095 997 enimbonumest‚
1205 906 1255 1008 lo.
1277 894 1415 980 Duxit
1433 919 1544 979 eum.
1562 895 1646 978 49*

264 1005 489 1091 videntem
523 1005 685 1092 videre.
743 1005 832 1092 Sed
870 1009 973 1112 quia
1007 1034 1095 1093 ma·
1459 1017 1612 1100 Lectio
1640 1045 1678 1098 v.

263 1118 725 1223 gnumfastigiumest,
740 1117 796 1204 de
811 1119 1095 1205 fundamento
1226 1121 1565 1227 orporisautem
1578 1118 1866 1203 macerationi
1878 1117 1982 1202 bee-

264 1231 422 1336 cogita.
463 1233 580 1334 Quo,
603 1232 766 1336 inquis,
786 1229 1095 1318 fundamento?
1251 1241 1323 1318 tus
1350 1232 1418 1316 vir
1443 1256 1621 1337 semper
1650 1230 1865 1330 intentus,
1894 1229 1981 1342 sub

264 1344 399 1428 Disce
422 1343 477 1429 ab
496 1344 587 1427 illo:
613 1343 830 1446 Quoniam
851 1343 969 1427 mitis
988 1368 1097 1444 sum,
1148 1345 1235 1446 vili,
1253 1369 1343 1449 quo
1357 1342 1641 1444 vestiebatur,
1656 1352 1804 1449 panno
1821 1341 1982 1427 durum

264 1466 310 1539 et
331 1455 508 1540 homilis
533 1453 679 1540 corde.
724 1455 824 1538 Hoc
848 1455 892 1537 in
920 1465 965 1540 te
990 1452 1096 1540 fode
1148 1455 1206 1541 ad
1250 1466 1441 1541 mortem
1477 1479 1618 1560 usque
1658 1454 1857 1539 contexit
1891 1454 1982 1540 cili·

264 1564 595 1652 fundamentum
617 1565 895 1666 humilitatis,
928 1576 974 1652 et
999 1592 1095 1672 per·
1148 1569 1275 1655 cium.
1332 1565 1476 1652 Nudis
1510 1566 1700 1672 pedibus
1733 1565 1867 1651 etiam
1901 1591 1982 1672 per

265 1679 413 1763 venies
431 1678 489 1762 ad
507 1677 728 1781 fastigium
746 1677 953 1763 caritatis.
1004 1757 1008 1770 ,
1146 1681 1327 1784 glacies,
1351 1680 1492 1779 nives,
1518 1685 1647 1764 acr'rta
1666 1703 1787 1778 saxa,
1813 1679 1982 1786 spinos·

318 1811 383 1893 Te
400 1807 545 1892 Deum
562 1805 805 1892 laudamus.
1149 1817 1235 1899 que
1261 1791 1512 1892 incedebat,
1542 1790 1795 1895 nullamque
1827 1816 1883 1874 ex
1915 1814 1982 1894 eo,

1148 1906 1280 1990 etiam
1320 1903 1582 2007 gravissimo
1626 1927 1747 2008 saepe
1781 1901 1984 2009 pondere

377 2033 537 2132 Quinta
556 2031 628 2116 dio
647 2033 758 2114 'mssa
778 2031 992 2114 Octavam
1148 2023 1344 2118 onustus,
1359 2015 1587 2101 laesionem
1601 2013 1864 2122 patiebatur.
1892 2014 1983 2101 Ad·

318 2160 362 2243 Β,
380 2158 638 2243 Francis&
661 2159 722 2242 (10
741 2159 902 2242 Paula
925 2159 1044 2242 Confi
1145 2127 1337 2214 mirabili
1380 2128 1462 2212 fuit
1505 2126 1793 2227 abstinentia3
1844 2126 1983 2211 semel

1146 2250 1317 2326 tantum
1346 2240 1392 2324 in
1419 2239 1490 2325 die
1518 2237 1600 2323 sub
1634 2237 1741 2324 solis
1773 2242 1984 2322 occasum

551 2289 812 2377 Semiduplcx.

1148 2351 1389 2459 solo'pane,
1409 2361 1455 2437 et
1471 2375 1598 2456 aqua,
1617 2373 1719 2434 raro
1738 2349 1905 2434 additis
1922 2348 1984 2431 in-

1148 2462 1280 2570 sipidi
1298 2462 1568 2549 condimenti
1588 2460 1791 2563 oleribus,
1815 2460 1984 2546 reficie-

1147 2578 1287 2663 batur.
1341 2577 1481 2662 Parce
1507 2574 1748 2659 odmodum
1775 2572 1986 2658 utebatur

496 2671 546 2748 In
571 2668 623 2746 ῙῙ·
651 2667 875 2745 ΝΟΟἙἮΠΟ·
1147 2714 1324 2789 somno,
1356 2700 1401 2774 et
1432 2687 1614 2773 duriora
1643 2695 1831 2793 propter
1861 2685 1990 2769 Chri·

567 2803 720 2886 Lectio
739 2802 793 2882 iv.
1148 2811 1266 2887 stum
1291 2797 1491 2908 patiendi
1519 2797 1685 2906 copido
1713 2796 1785 2882 vel
1811 2797 1984 2898 humus,

266 2914 471 3204 'reri
495 2915 711 3022 temporis
733 2916 983 3018 intervallo
1008 2941 1097 3022 quo
1149 2914 1220 3000 vel
1250 2911 1372 2999 rudis
1408 2912 1561 2998 tabula
1596 2937 1679 3019 pro
1713 2912 1831 2997 lecto
1870 2921 1985 3012 erat3

317 2429 362 2498 In
396 2429 423 2498 Ι.
453 2427 653 2498 Nocturno
685 2427 890 2497 Lectiones
921 2425 968 2496 dc
998 2425 1096 2496 Scri-

267 2531 380 2610 ptura
405 2531 638 2594 occurrente.

395 3027 657 3113 Franciscus
674 3031 719 3112 in
734 3031 891 3118 Galliis
905 3053 1097 3114 commo·
1149 3050 1250 3111 raro
1267 3035 1415 3112 tamen
1441 3024 1623 3127 cubans;
1645 3023 1900 3128 frequenter
1922 3025 1985 3106 in·

394 3143 517 3224 retus
541 3151 624 3244 est,
650 3146 814 3231 coaluit
835 3170 985 3230 semen
1003 3167 1098 3227 san·
1150 3143 1296 3241 nixus,
1345 3138 1510 3246 saepius
1555 3146 1677 3219 stans
1721 3132 1985 3221 dormiebat.

268 3249 476 3334 ctissimae
502 3254 624 3355 vitae,
656 3259 777 3362 quod
803 3258 848 3341 in
875 3280 982 3361 agro
1009 3254 1097 3338 Do·
1150 3250 1282 3354 Quod
1317 3254 1540 3336 austerum
1574 3249 1678 3334 vitae
1727 3271 1867 3352 genus
1902 3272 1985 3354 per

267 3363 374 3446 mini
400 3367 641 3469 sporserat,
673 3380 717 3454 et
744 3370 904 3455 uberes
930 3370 1098 3453 fructus
1151 3389 1305 3450 omnes
1336 3387 1450 3470 pene
1479 3362 1623 3447 aetotis
1654 3358 1819 3463 gradus
1846 3358 1986 3446 duros

266 3472 398 3577 longe
416 3475 593 3581 lateque
612 3478 798 3568 diffudit.
831 3481 935 3566 Non
954 3481 1099 3566 solum
1149 3478 1264 3563 inter
1296 3475 1474 3560 labores
1502 3471 1858 3579 multiplicesque
1889 3476 1984 3558 cor·

267 3585 383 3670 enim
406 3587 451 3669 in
476 3590 681 3676 omnibus
702 3593 794 3678 fere
820 3593 978 3678 Galliae
1000 3597 1098 3699 pair-
1150 3589 1273 3696 poris
1307 3587 1628 3672 macerationes
1663 3589 1881 3692 perpetuo
1919 3611 1985 3670 re-

266 3697 401 3800 tibus,
428 3699 580 3785 sedin
605 3703 821 3812 Hispania
847 3705 1100 3791 Germanio-
1150 3700 1291 3788 tinuit.

269 3834 354 3915 que
372 3813 594 3918 permolta
618 3819 866 3904 construxit
883 3821 1099 3904 monaste·
1203 3815 1254 3917 ld.
1282 3812 1410 3897 Circa
1426 3810 1559 3893 illum
1576 3808 1661 3893 49*

267 3921 347 4023 ria,
374 3931 629 4032 novumque
656 3929 857 4015 ordinem
881 3955 1009 4015 suum
1032 3932 1098 4014 ce·
1452 3923 1607 4006 Lectio
1628 3921 1681 4004 vi.

266 4033 373 4119 teris
417 4036 639 4125 duriorem
675 4051 720 4128 et
754 4041 1021 4127 strictiorem
1056 4042 1101 4124 in
1151 4029 1264 4238 Eo
1291 4036 1459 4122 laboris
1487 4041 1638 4121 amore
1666 4031 1905 4132 aesmobat,
1936 4041 1986 4116 ut

268 4149 441 4233 exteras
468 4151 671 4237 nationes
695 4154 849 4260 paucis
874 4153 998 4238 annis
1022 4154 1099 4238 mi·
1259 4148 1436 4232 nonnisi
1466 4172 1567 4233 cum
1590 4147 1682 4253 piis
1711 4143 1984 4231 exercitatio-

267 4259 464 4346 rabiliter
483 4267 760 4370 propagavit.
787 4264 950 4352 Cerolo
970 4269 1102 4352 etiam
1150 4261 1281 4348 nibus
1299 4261 1522 4368 rebosque
1541 4258 1700 4344 divinis
1717 4255 1985 4356 intendebat,

268 4376 427 4458 octavo
468 4373 684 4462 Ludovr'ci
727 4377 820 4464 filio
858 4378 1101 4464 Galliarum
1152 4378 1327 4459 cessere
1349 4372 1583 4458 videretur.
1622 4371 1675 4454 In
1696 4368 1984 4454 monasterio·

267 4485 362 4588 regi
385 4487 648 4573 Franciscus
674 4515 764 4574 non
787 4516 874 4575 una
897 4491 943 4575 in
966 4515 1015 4575 re
1040 4490 1100 4573 af·
1151 4513 1249 4570 rum
1266 4485 1436 4574 fabrica
1459 4485 1623 4592 primas
1643 4481 1862 4594 egitinter
1881 4505 1985 4586 ope·

268 4596 365 4682 fuit:
395 4603 620 4684 certamen
651 4600 864 4687 adversus
894 4603 1101 4687 Britones
1151 4599 1292 4683 rerios
1318 4609 1487 4705 partes,
1515 4608 1559 4682 et
1587 4594 1787 4704 quamvis
1813 4593 1986 4696 vigiliis

268 4711 572 4813 commissero,
593 4712 714 4799 bono
734 4715 880 4799 animo
900 4739 998 4800 esse
1017 4715 1099 4819 jus·
1152 4711 1459 4816 continuisque
1476 4709 1642 4814 jejoniis
1662 4715 1781 4792 esset
1796 4709 1984 4804 attritus,

269 4821 342 4923 sit,
367 4823 599 4908 victoriam
623 4827 940 4931 praenuntians,
969 4851 1101 4932 quam
1150 4820 1341 4930 lapides,
1366 4820 1549 4922 calcem,
1572 4819 1708 4922 ligna,
1732 4817 1909 4921 aliaque
1928 4817 1985 4903 ad

268 4932 429 5019 deinde
451 4959 532 5020 rex
553 4937 778 5023 Francisci
800 4937 1007 5045 precibus
1033 4963 1100 5022 ac·
1150 4934 1365 5019 fabricam
1378 4932 1629 5018 necessaria
1643 4928 1836 5038 propriis
1852 4929 1983 5014 etiam

269 5048 444 5152 ceptam
461 5049 624 5134 retulit.
659 5049 876 5136 Ludovici
894 5077 921 5135 a
938 5049 1100 5135 Sabari-
1151 5046 1346 5132 hrimeris
1389 5043 1562 5129 deferre
1606 5068 1696 5128 non
1740 5038 1984 5125 recusabat

268 5157 342 5243 dia
369 5159 518 5243 Geruli
544 5161 872 5246 Aurelianensis
900 5161 1028 5246 uxori
1053 5162 1100 5244 fi·
1151 5159 1249 5245 Una
1280 5167 1452 5243 tantum
1482 5165 1627 5257 veste,
1658 5159 1801 5259 eoque
1831 5151 1910 5236 vili
1940 5161 1983 5235 et

266 5271 373 5356 lium
388 5297 417 5362 a
434 5275 533 5358 Deo
553 5274 817 5379 impetravit,
836 5299 888 5358 ac
904 5272 1101 5358 futorum
1152 5271 1372 5370 obsoleta,
1404 5271 1635 5354 contentus
1665 5265 1763 5367 fuit3
1793 5287 1981 5371 cumque

267 5413 417 5492 regem
436 5388 564 5491 dixit,
587 5389 633 5471 in
651 5389 773 5493 cujus
791 5385 993 5470 beneficii
1011 5410 1099 5469 me·
1150 5384 1195 5466 in
1214 5381 1532 5467 ardentissimis
1552 5377 1772 5494 caloribus
1795 5399 1894 5461 sese
1912 5379 1981 5460 ve·

268 5501 455 5587 moriam
478 5512 584 5586 nato
613 5507 755 5606 pr'rero
778 5495 1002 5582 Francisci
1024 5519 1100 5583 no·
1149 5495 1226 5582 riis
1243 5492 1471 5580 laboribus
1491 5495 1728 5592 exerceret,
1746 5487 1852 5572 nibil
1869 5488 1914 5570 in
1931 5509 1982 5570 ea
