4346 6176
859 503 976 573 Festa
999 503 1104 574 Julii.
1129 505 1215 593 (20.)

171 679 386 786 ebsecro,
431 693 477 771 et
514 682 761 770 buccellam
804 685 930 791 panis
966 686 1011 770 in
1065 684 1122 771 de
1141 687 1240 773 sinu
1262 688 1371 793 eius,
1394 696 1439 773 et
1463 689 1662 795 porterit
1685 688 1730 773 in
1752 695 1898 777 coeni·

170 821 309 880 manu
335 807 423 883 tua.
476 799 587 900 Quae
613 795 861 902 respondit:
888 798 1012 886 Vivit
1064 799 1227 884 culum:
1243 797 1322 903 ubi
1336 799 1435 906 ipse
1448 800 1669 901 manebat,
1687 811 1733 887 et
1749 803 1900 908 posuit

170 906 393 994 Dominus
410 909 534 995 Deus
557 919 675 1012 tuus,
701 910 804 1017 quia
828 936 918 996 non
936 911 1010 997 he·
1064 936 1200 1018 super
1214 910 1426 997 lectulum
1444 937 1583 998 suum.
1615 915 1674 1000 Et
1694 913 1900 1004 clamavit

169 1017 261 1105 beo
279 1047 457 1127 panem,
481 1023 566 1106 nisi
589 1032 801 1128 quantum
819 1023 1010 1129 pugillus
1064 1022 1122 1108 ad
1157 1025 1419 1126 Dominum,
1463 1035 1507 1112 et
1543 1023 1672 1112 dixit:
1707 1027 1899 1113 Demine

172 1135 338 1241 cepere
360 1143 510 1240 potest
532 1135 686 1219 farinae
709 1134 754 1218 in
771 1133 943 1242 hydria,
966 1145 1011 1222 et
1063 1137 1187 1221 Deus
1205 1163 1340 1240 meus,
1361 1139 1557 1224 etiemne¹
1568 1137 1759 1240 viduam,
1778 1139 1900 1248 apud

171 1245 405 1352 paululum
431 1246 519 1332 elei
546 1246 592 1330 in
615 1246 812 1353 lecyth03
840 1272 894 1333 en
921 1248 1008 1333 cel·
1064 1275 1198 1356 quarn
1216 1267 1300 1356 ego
1318 1257 1559 1359 utcumque
1578 1255 1817 1354 sustentor,
1839 1253 1898 1338 al·

170 1358 264 1462 ligo
286 1357 377 1444 duo
403 1357 522 1464 ligna
547 1368 596 1446 ut
617 1359 856 1463 ingrediar,
881 1371 926 1447 et
948 1361 1010 1445 fa·
1063 1364 1231 1464 flixisti‚
1256 1373 1306 1451 ut
1326 1364 1600 1451 interficeres
1623 1366 1764 1451 lilium
1783 1363 1898 1473 ejus?

171 1471 289 1556 ciam
317 1471 442 1557 illum
467 1472 592 1575 mihi,
624 1481 670 1558 et
697 1473 789 1558 lilio
816 1498 933 1575 meo,
961 1488 1010 1562 ut
1063 1478 1120 1562 Et
1145 1477 1360 1584 expendit
1380 1503 1445 1579 se,
1470 1487 1604 1584 atque
1627 1503 1807 1564 mensus
1831 1489 1900 1566 est

171 1583 484 1686 comedemus,
535 1596 580 1671 et
626 1587 877 1672 moriemur.
936 1586 1011 1673 Ad
1063 1616 1197 1698 super
1224 1597 1413 1697 puerum
1450 1590 1592 1676 tribus
1627 1590 1819 1694 vicibus,
1854 1602 1900 1677 et

172 1721 309 1802 quam
336 1696 457 1780 Elias
483 1696 562 1784 ait:
593 1697 699 1783 Noli
722 1697 896 1801 timere,
929 1698 1010 1786 sed
1063 1704 1271 1790 clamevit
1291 1702 1349 1790 ad
1367 1704 1623 1807 Deminum,
1647 1715 1692 1792 et
1709 1707 1787 1791 ait:
1810 1707 1899 1791 De·

172 1808 308 1910 vade,
339 1817 384 1894 et
410 1809 480 1895 fac
506 1812 622 1896 sicut
649 1810 813 1896 dixisti:
839 1819 1008 1897 verrim-
1062 1817 1179 1903 mine
1206 1817 1329 1902 Deus
1356 1841 1499 1920 meus,
1530 1823 1794 1922 revertetur,
1823 1819 1898 1904 ob-

172 1933 323 2007 tamen
356 1922 464 2008 mihi
497 1924 688 2030 primum
720 1924 791 2009 fac
826 1923 882 2010 de
911 1925 1011 2033 ipsa
1063 1955 1202 2028 secto,
1223 1931 1368 2015 enima
1385 1931 1514 2037 prieri
1530 1932 1714 2038 hujusin
1728 1938 1900 2019 viscera

171 2035 361 2121 farinula
379 2035 719 2123 subcinericium
735 2062 896 2146 panem
909 2045 1008 2148 per·
1062 2045 1166 2148 ejus.
1193 2044 1251 2128 Et
1266 2041 1491 2130 exaudivit
1504 2045 1722 2130 Dominus
1740 2061 1899 2132 vocem

171 2148 341 2250 vulum,
364 2159 411 2234 et
433 2148 542 2235 affer
559 2149 618 2236 ad
635 2177 723 2236 me:
745 2150 828 2237 tibi
850 2165 1008 2258 autem,
1061 2156 1189 2241 Eliae:
1220 2168 1265 2243 et
1291 2161 1472 2244 reversa
1503 2169 1572 2245 ert
1598 2159 1745 2244 anima
1771 2160 1899 2266 prieri

171 2271 217 2346 et
236 2261 330 2347 filio
348 2272 427 2348 tuo
445 2263 583 2350 fecies
599 2268 769 2371 postea.
805 2267 917 2352 Haec
937 2293 1008 2354 au·
1060 2269 1175 2356 intra
1194 2296 1305 2374 eum,
1325 2280 1372 2356 et
1388 2273 1558 2356 revixit.

171 2385 265 2458 tem
301 2373 412 2462 dicit
447 2375 664 2462 Dominus
700 2378 823 2464 Deus
852 2382 1009 2466 lsrael:
1115 2391 1169 2494 Rr,
1192 2383 1392 2469 Reversa
1419 2394 1489 2470 cst
1513 2385 1658 2470 enima
1682 2385 1812 2493 prieri
1836 2387 1897 2469 in·

170 2487 346 2594 Hydria
379 2489 531 2574 farinae
567 2516 657 2575 non
695 2490 891 2596 deficiet,
926 2520 1010 2581 nec
1060 2507 1130 2583 tra
1149 2522 1267 2599 eum,
1286 2506 1332 2583 et
1348 2498 1522 2602 revixit,
1543 2508 1588 2582 et
1605 2497 1792 2584 tredidit
1809 2524 1898 2583 ma·

168 2601 376 2707 lecythus
408 2602 494 2688 olei
525 2600 746 2691 minuetur
776 2632 919 2714 usque
950 2606 1009 2694 ad
1060 2613 1118 2696 tri
1137 2638 1249 2712 suae,
1274 2621 1321 2698 et
1336 2611 1398 2697 ait
1415 2610 1494 2695 illi:
1520 2613 1629 2696 *En
1646 2612 1757 2698 vivit
1780 2611 1898 2696 filius

170 2711 307 2816 diem,
332 2716 377 2798 in
395 2741 483 2823 qua
500 2715 719 2803 Deminus
738 2717 922 2806 daturus
941 2731 1009 2809 est
1060 2736 1174 2811 tuus.
1232 2720 1284 2824 ll.
1309 2723 1431 2810 Tulit
1462 2723 1583 2809 Elias
1615 2730 1820 2831 puerum,
1853 2735 1899 2810 et

168 2828 371 2934 pluviam
389 2854 522 2936 super
540 2830 699 2915 ficiem
717 2842 860 2917 terrae.
898 2835 1008 2938 Quae
1061 2837 1273 2948 deposuit
1316 2862 1417 2922 eum
1453 2839 1498 2921 in
1531 2837 1786 2924 inferiercm
1820 2837 1898 2924 do·

170 2939 298 3044 abiit,
326 2952 371 3027 et
396 2943 500 3029 iecit
526 2945 648 3050 juxta
674 2944 858 3031 verbum
881 2947 1008 3032 Eliae:
1060 2981 1192 3056 mum,
1207 2950 1372 3038 dicens.
1394 2953 1475 3036 En.
1498 2949 1652 3037 Gleria
1665 2952 1797 3035 Patri.
1819 2953 1897 3036 En.

170 3067 214 3141 et
234 3051 429 3141 comedit
452 3055 565 3164 ipse,
592 3067 637 3142 et
659 3057 751 3160 illa,
778 3069 823 3144 et
848 3058 1007 3145 domus

169 3170 282 3272 ejus:
313 3179 441 3253 etex
467 3168 543 3253 illa
571 3169 645 3255 die
670 3168 828 3277 hydria
853 3173 1007 3257 farinae
1255 3243 1263 3248 .
1290 3109 1339 3189 1¹¹
1366 3111 1417 3190 Π·
1445 3111 1670 3194 N⁰⁰tumst
1838 3241 1848 3259 ‚
1883 3241 1895 3259 ‚

169 3306 261 3366 non
289 3279 467 3383 defecit,
497 3291 543 3367 et
568 3282 771 3390 lecythus
804 3283 892 3369 elei
917 3311 1008 3372 non
1116 3245 1217 3324 Ant·
1238 3243 1500 3325 datumst
1514 3237 1700 3324 verbum
1714 3238 1898 3324 D⁶m11¹1

169 3405 240 3480 est
263 3395 537 3499 imminutus,
561 3397 683 3504 juxta
705 3396 891 3486 verbum
919 3402 1008 3485 Db,
1060 3354 1118 3441 ad
1132 3355 1286 3457 Edam,
1305 3350 1473 3438 dicens:
1490 3350 1632 3452 Vade,
1651 3361 1696 3437 et
1710 3352 1897 3439 ostende

167 3507 288 3608 mini,
311 3506 435 3614 quod
455 3507 632 3596 locutus
650 3511 796 3595 iuerat
812 3512 858 3595 in
874 3537 1008 3600 manu
1059 3479 1104 3555 te
1131 3465 1306 3600 Achab
1333 3475 1383 3549 ut
1409 3462 1511 3549 dem
1537 3463 1734 3571 Plaviam
1762 3489 1897 3572 super

168 3619 283 3706 Eflae
1059 3581 1379 3665 ficremterrae.

226 3684 294 3846 ns
309 3733 434 3819 Abiit
463 3735 642 3839 meyer,
674 3747 720 3822 et
750 3737 855 3824 fecit
885 3741 1007 3846 juxta
1116 3695 1216 3775 Ant.
1244 3691 1315 3776 nt
1329 3690 1449 3776 snas
1464 3687 1521 3774 ad
1536 3686 1712 3774 leuas:
1731 3689 1894 3774 Ascen-

169 3847 642 3958 verbumzpmphetae²
676 3850 783 3935 *Et
813 3851 1008 3939 comedit
1060 3805 1135 3908 de,
1166 3801 1372 3906 comede,
1406 3812 1451 3889 et
1475 3800 1596 3905 bibe,
1628 3801 1732 3907 quia
1758 3827 1895 3887 sonus

168 3961 281 4067 ipse,
300 3971 346 4046 et
361 3960 448 4061 illa,
465 3972 511 4049 et
530 3961 689 4049 domus
709 3968 812 4072 ejus.
861 3959 912 4063 ll.
939 3966 1008 4050 Ex
1058 3917 1211 4001 mlltae
1229 3915 1394 4025 pluviae
1413 3923 1492 4000 est

167 4071 245 4157 illa
273 4072 345 4158 die
366 4073 523 4181 hydria
544 4077 698 4162 farinae
721 4102 810 4161 non
835 4078 1007 4182 defecit,
1117 4034 1221 4169 Ant:
1241 4025 1585 4168 Manusp⁶¹3¹ini
1602 4027 1721 4112 facta
1738 4035 1806 4159 eFt
1825 4051 1894 4110 ⁸¹¹·

169 4193 217 4270 et
243 4183 447 4292 lecythus
478 4187 566 4274 elei
592 4215 681 4275 non
715 4200 784 4277 est
808 4191 1007 4276 immimi-
1058 4143 1304 4252 perEhaQ
1319 4151 1619 4248 accmcnflque
1632 4138 1794 4279 lumeS
1808 4164 1897 4272 ΟΨ·

168 4300 597 4404 tusjuxtaverbum
615 4301 738 4388 Eliae·
764 4304 832 4390 Et
1058 4254 1185 4341 rebat
1203 4264 1305 4342 ante
1320 4253 1487 4358 Achab,
1507 4253 1651 4341 donec
1665 4263 1836 4358 vennet
1850 4278 1895 4335 rn

476 4413 629 4498 Lectio
651 4416 707 4496 iij·
1058 4368 1272 4455 Jezrahel.

276 4535 514 4743 22¹3&ssssss
541 4539 888 4730 ffimmffi
898 4531 1007 4732 ¹¹13ssss
1058 4486 1175 4680 trah
1191 4480 1657 4704 Thudildrhepgffestff
1666 4481 1894 4680 iffi&

169 4753 456 4857 hislamilias,
481 4766 527 4841 et
544 4766 640 4841 erat
657 4757 844 4861 languor
862 4760 1006 4845 fortis·
1059 4713 1261 4866 ⁰e⁵⁵⁶fe⁵
1279 4721 1385 4816 p⁰⁵¹
1401 4719 1459 4866 te:
1584 4846 1610 4865 „
1707 4849 1717 4870 ,
1834 4845 1843 4864 ,

168 4865 324 4970 simus,
345 4865 408 4951 ita
432 4879 483 4953 ut
505 4893 594 4954 non
617 4874 867 4957 remaneret
887 4874 932 4956 in
951 4897 1007 4959 eo
1097 4845 1857 4984 ExthOS·EPlPh411UEP1⁸0091·

168 4975 344 5065 helitus.
369 4979 495 5066 Dixit
513 5007 620 5088 ergo
640 4982 698 5070 ad
715 4984 871 5069 Eliam:
890 4985 1008 5089 Quid
1289 4971 1346 5042 De
1371 4981 1464 5041 ΗΠΒ
1489 4969 1670 5057 l‘rophet.

167 5089 666 5195 mihiettibivirDei?
707 5097 1007 5201 Ingressuses
1368 5095 1521 5176 Lectio
1542 5094 1594 5175 iv.

167 5203 335 5306 adme,
358 5217 409 5292 ut
428 5214 830 5295 rememorarentur
852 5210 1006 5318 iniqui·
1207 5236 1256 5296 as
1277 5209 1505 5318 Propheta
1528 5233 1584 5294 ex
1606 5207 1797 5295 Thesbis
1820 5233 1893 5293 ex·

166 5322 286 5404 tetes
315 5344 450 5423 meae,
487 5333 532 5407 et
561 5324 835 5410 interficeres
866 5323 1008 5408 tilium
1059 5209 1389 5496 *sistebat
1432 5348 1459 5408 e
1497 5323 1749 5410 continente
1780 5323 1893 5406 Ara·

168 5431 341 5518 meum?
386 5433 444 5519 Et
470 5437 533 5524 ait
558 5435 619 5520 ad
646 5461 745 5520 eam
768 5435 910 5523 Elias:
937 5438 1007 5522 Da
1200 5437 1323 5538 bum,
1347 5436 1404 5524 de
1428 5435 1568 5522 Tribu
1591 5437 1744 5522 Aaron
1767 5434 1892 5520 Levi·

168 5545 277 5633 mihi
303 5547 446 5634 lilium
473 5559 620 5634 tuum..
661 5549 872 5656 Tulltque
903 5575 1005 5638 eum
1058 5560 1129 5656 tae.
1175 5541 1606 5658 Moraheturaute'm
1625 5551 1680 5638 in
1703 5547 1893 5636 Gilaad:
