4378 6202
275 519 343 594 24*
974 535 1089 602 Festa
1113 531 1213 617 Maii.
1238 531 1292 615 (4.)

278 709 480 797 tuerum?
533 714 590 800 Et
622 712 758 802 dicet:
788 715 871 800 His
902 713 1106 822 plagetus
1157 710 1395 798 fitebentur
1416 735 1576 816 regem.
1617 709 1698 795 Cui
1720 710 1917 795 tunicam
1941 719 1986 796 et

278 850 375 909 sum
402 826 447 909 in
480 825 614 913 domo
646 831 814 932 eorum,
852 828 928 936 qui
958 825 1106 932 dilige·
1156 835 1326 911 vestem
1350 822 1647 926 detraxerant,
1671 848 1771 910 eum
1789 830 1986 931 purpura

275 936 382 1024 bant
404 965 487 1025 me.
530 940 716 1026 Fremea
737 943 952 1028 suscitere
975 965 1108 1049 super
1157 937 1550 1040 circumdederunt,
1574 947 1618 1024 et
1637 961 1768 1044 quem
1786 938 1986 1042 ignoran-

277 1056 504 1157 pastorem
534 1078 696 1156 meum,
727 1065 772 1142 et
800 1081 934 1161 super
964 1055 1107 1139 virum
1157 1060 1226 1135 tes
1260 1049 1535 1136 contumeliis
1576 1049 1844 1152 afficiebant,
1886 1073 1987 1135 eum

278 1163 575 1251 cohaerentem
603 1166 726 1270 mihi,
759 1166 867 1253 dicit
893 1167 1107 1253 Dominus
1156 1161 1426 1271 Prophetam
1452 1163 1583 1250 etiam
1608 1162 1809 1248 nolentes
1837 1162 1986 1270 appel·

277 1281 566 1363 exercituum:
592 1283 774 1387 percute
797 1283 1040 1387 pastorem,
1063 1288 1108 1363 et
1157 1276 1372 1381 laversmt3
1400 1287 1444 1362 et
1473 1301 1604 1383 quem
1631 1299 1713 1384 per
1738 1275 1987 1377 ludibrium,

277 1389 586 1496 dispergentur
618 1416 744 1498 oves3
777 1402 822 1479 et
853 1396 1107 1479 convertam
1159 1389 1632 1497 subsannationemque
1660 1388 1914 1497 pulsabant,
1945 1390 1987 1475 ei

275 1527 453 1588 manum
478 1530 623 1590 meam
649 1502 708 1592 ad
732 1507 952 1612 purvulos.
1156 1502 1439 1610 triumphelia
1470 1501 1734 1590 addiderunt
1761 1505 1986 1588 omamen·

169 1636 173 1642 '
332 1637 381 1737 lo,
406 1626 548 1711 Tuam
576 1631 785 1712 coronam
813 1633 1012 1736 spineam
1036 1654 1106 1713 ve·
1157 1627 1220 1712 ta,
1248 1619 1501 1702 coccineam
1527 1615 1820 1723 cMemydem,
1848 1625 1893 1701 et
1915 1639 1986 1724 co·

277 1741 493 1841 neramur,
511 1741 716 1846 Domine
733 1751 854 1827 ruam
868 1741 1109 1847 gloriosam
1157 1732 1311 1813 ronam
1330 1735 1540 1838 spineam,
1558 1739 1602 1814 et
1619 1728 1846 1816 calamum.
1872 1729 1987 1814 Nam

276 1852 512 1938 recolimus
542 1855 809 1961 passionem:
839 1855 861 1906 *
898 1855 1108 1941 Miserere
1157 1843 1334 1928 tametsi
1357 1869 1409 1929 ea
1434 1843 1561 1949 quasi
1578 1867 1659 1949 per
1677 1841 1987 1928 contumeliam

276 1962 419 2068 nobis,
444 1966 519 2071 qui
536 1991 695 2074 passus
714 1991 762 2052 es
779 1993 864 2076 pro
882 1968 1028 2069 nobis,
1051 1969 1108 2052 al·
1158 1955 1362 2060 agebant,
1396 1954 1671 2041 efficiebatur
1701 1965 1849 2041 tamen
1875 1954 1987 2056 inde,

275 2074 416 2182 leluja.
458 2074 508 2180 u.
539 2079 670 2164 Salva
686 2083 953 2186 praesentem
972 2084 1108 2166 cater-
1157 2078 1207 2153 ut
1225 2068 1280 2154 ab
1300 2093 1353 2154 eo
1371 2068 1559 2154 latenter
1578 2067 1884 2174 spoliarentur.

276 2214 377 2273 vam
392 2189 437 2273 in
455 2192 542 2276 tuis
560 2191 693 2278 hodie
708 2191 912 2279 laudibus
927 2217 1106 2297 congre·
1210 2203 1260 2304 lu.
1305 2201 1482 2286 Corena
1516 2204 1649 2284 aurea
1688 2224 1821 2306 super
1855 2208 1988 2307 caput

276 2305 435 2406 garam.
461 2304 683 2391 Miserere.
707 2306 871 2391 Gloria.
889 2305 1107 2392 Miserere.
1158 2314 1266 2417 ejus,
1293 2315 1316 2362 *
1340 2313 1563 2418 Expressa
1587 2311 1713 2416 signo
1731 2311 1987 2414 sanctitutis,

506 2465 633 2545 11111,
662 2465 883 2544 prmum,
1157 2425 1297 2531 gloria
1322 2425 1519 2529 honeris,
1552 2434 1597 2512 et
1624 2450 1737 2532 opus
1769 2424 1988 2511 fortitudi-

330 2599 430 2678 Ant.
472 2595 556 2678 Pro
582 2592 801 2679 frumento
832 2594 858 2649 *
888 2606 1013 2682 ortus
1040 2605 1108 2682 est
1157 2539 1449 2679 ”dm-melfia·
1500 2526 1548 2628 ‘V'
1579 2539 1796 2671 Quonam
1818 2564 1986 2646 Psaeve·

276 2702 383 2786 ...
618 2715 664 2791 ..

281 2815 465 2924 alleluia.
1431 2878 1440 2896 .
1620 2877 1630 2897 .

332 2933 383 3036 V·
408 2938 576 3040 Gloria,
608 2947 652 3024 et
682 2939 851 3027 honore
884 2943 1108 3029 coronasti
1158 2903 1259 2962 nam
1279 2879 1334 2965 de
1352 2878 1500 2987 lepide
1516 2882 1727 2986 pretreso.
1755 2879 1988 2986 Expressa.

278 3076 378 3136 eum
396 3052 598 3154 Dumine,
617 3051 801 3160 alleluja.
852 3056 902 3159 Ru
930 3056 988 3141 Et
1005 3081 1106 3141 con·
1225 3048 1378 3130 Sermo
1396 3043 1437 3130 S.
1456 3042 1683 3130 Ambrosii
1700 3043 1923 3150 Episcopi.

277 3164 458 3250 stinusti
474 3189 576 3250 eum
595 3191 727 3272 super
746 3170 883 3274 Opera
899 3172 1107 3254 munuum
1160 3183 1276 3251 Serm.
1287 3179 1339 3249 73.
1354 3179 1419 3266 qui
1436 3190 1494 3248 est
1506 3178 1653 3266 primus
1670 3177 1716 3245 de
1728 3176 1763 3247 S.
1776 3177 1985 3266 Cypriano.

275 3281 460 3381 tuarum,
479 3278 662 3384 allell'll&
1467 3297 1620 3382 Lectio
1640 3326 1679 3380 v.

282 3420 346 3501 Ex
367 3418 580 3504 Tractetu
602 3419 643 3504 S.
668 3418 900 3504 Athanasii
925 3419 981 3504 de
1003 3420 1104 3504 Pas·
1160 3410 1447 3625 Videamus
1470 3423 1717 3531 diligenter,
1740 3450 1796 3511 ne
1819 3451 1875 3512 ex
1896 3425 1988 3534 pel·

526 3532 858 3618 siuneDumini.
1277 3539 1383 3624 mite
1402 3540 1551 3647 operis
1568 3539 1709 3625 nostri
1726 3564 1816 3654 non
1834 3544 1987 3625 nosce·

581 3651 732 3736 Lectio
752 3651 805 3732 iv.
1156 3664 1229 3739 tur
1261 3650 1505 3739 dulcedinis
1532 3677 1635 3752 uva,
1668 3651 1748 3737 sed
1773 3651 1908 3758 fellisr
1932 3676 1988 3736 ne

284 3786 472 3887 mlum
506 3769 749 3898 erue-retur·
776 3765 1014 3896 Duminus,
1051 3791 1105 3852 eo
1159 3767 1328 3876 dicutur
1346 3765 1486 3866 nobis,
1505 3763 1627 3870 quod
1640 3761 1806 3850 ludaeis
1819 3764 1988 3897 dictum

284 3920 383 4033 u
414 3877 1106 4099 ltullulliuutliu
1158 3876 1988 4098 2{lateritiuillilnu,si

276 4095 386 4190 illud
408 4104 685 4189 manifestum
709 4104 836 4190 fieret
855 4107 1062 4190 'narretur
1081 4130 1106 4189 a
1156 4105 1475 4213 nonjustitiam
1488 4101 1827 4190 sedclamerem.
1845 4106 1987 4208 Quam

276 4219 302 4302 J
304 4221 446 4303 oenne
471 4217 651 4302 indutus
677 4217 813 4302 irusse
839 4224 1050 4325 purpura;
1081 4243 1106 4302 a
1158 4219 1267 4305 dura
1293 4217 1506 4320 conditio,
1536 4227 1586 4303 ut
1610 4218 1854 4325 possessio,
1887 4243 1987 4326 quae

276 4330 491 4417 Matthaeo
507 4355 623 4432 vero,
639 4341 682 4416 et
695 4331 858 4434 Marco,
874 4331 1107 4438 chlamyde
1156 4333 1348 4419 Dumino
1375 4330 1605 4416 suavitatis
1631 4332 1799 4416 fructus
1830 4331 1987 4417 afferre

278 4449 500 4545 coccinea,
529 4447 827 4551 coronamque
851 4443 914 4527 illi
941 4469 996 4529 ex
1019 4444 1104 4551 spi·
1158 4445 1325 4548 debuit,
1348 4445 1574 4552 spinerum
1598 4444 1722 4529 illum
1746 4445 1986 4552 asperitete

277 4559 344 4641 nis
376 4581 510 4664 super
540 4567 675 4664 caput
710 4581 808 4642 esse
837 4556 1031 4663 pesitam
1061 4567 1107 4643 et
1158 4559 1475 4667 compunxerit.
1509 4559 1611 4643 Hoc
1630 4568 1708 4661 est,
1729 4583 1828 4642 cum
1844 4557 1988 4642 Judaei

278 4670 495 4755 celamum
524 4669 569 4753 in
600 4695 731 4755 manu
762 4670 928 4754 datum:
964 4678 1009 4754 et
1044 4671 1107 4755 ita
1157 4673 1431 4758 Salvaterem
1446 4671 1679 4758 debuerint
1692 4682 1786 4757 tota
1802 4669 1907 4757 fidei
1921 4670 1987 4756 de·

278 4809 378 4868 cum
414 4809 515 4870 eum
546 4781 881 4891 produxissent,
922 4781 1106 4886 genibus
1157 4786 1336 4871 votione
1361 4789 1602 4891 suscipere,
1634 4785 1860 4892 spinurum
1886 4808 1987 4868 eum

278 4896 404 4982 flexis
417 4895 639 4983 adoresse.
657 4895 919 4981 Mireculum
931 4921 1107 4998 novum,
1158 4901 1479 4984 coronaverunt
1503 4897 1722 5006 passiene.
1774 4896 1884 4998 Quae
1915 4920 1986 4982 co·

279 5020 324 5096 et
345 5009 620 5111 incredibile,
645 5020 689 5095 et
713 5034 884 5114 magnae
909 5009 1004 5093 sine
1029 5010 1106 5094 du·
1157 5015 1266 5096 runa
1291 5011 1486 5116 quidem,
1516 5019 1727 5117 quantum
1752 5011 1798 5094 in
1819 5007 1986 5094 ludaeis

277 5123 353 5208 bio
378 5124 577 5209 victoriae
601 5124 782 5228 insigne.
826 5122 969 5224 Quem
993 5123 1106 5206 enirn
1158 5133 1247 5227 est,
1289 5133 1385 5209 erat
1417 5124 1668 5229 injmiurum
1703 5122 1986 5226 contumelia3

277 5245 326 5321 ut
340 5235 562 5336 hominem
575 5235 987 5336 condemnaverrmt
1008 5261 1107 5319 eum
1159 5245 1371 5344 quantum
1396 5237 1442 5320 in
1464 5236 1675 5338 Demino,
1703 5246 1796 5321 erat
1823 5239 1986 5320 corena

278 5353 501 5436 mertuum
528 5347 687 5434 deinde
710 5358 759 5434 ut
781 5349 926 5434 Deum
953 5347 1106 5435 adora·
1157 5351 1378 5437 virtutum.
1437 5351 1748 5458 Compungunt
1778 5373 1883 5453 ergo
1914 5347 1940 5433 J
1940 5373 1986 5454 u·

278 5466 448 5548 verunt:
467 5471 513 5548 et
532 5486 662 5569 quem
681 5460 1039 5569 aspernabantur,
1057 5469 1107 5546 ut
1158 5464 1245 5549 daei
1255 5463 1503 5565 Dominum,
1519 5463 1625 5549 dum
1637 5467 1862 5566 coronant,
1877 5486 1988 5548 com·

279 5575 420 5680 rilem,
435 5584 480 5661 et
493 5573 880 5683 contemptibilem,
895 5599 1106 5660 eumcon·
1156 5583 1374 5685 pungunt,
1403 5572 1508 5662 dum
1536 5576 1805 5681 crucifigunt
1857 5573 1985 5664 Unde
