4402 6190
316 479 384 550 52*
553 479 556 488 ’
692 483 895 554 Dominica
918 482 945 551 Ι.
969 481 1147 568 Augusti.
1193 479 1234 548 B.
1259 477 1307 548 ll.
1327 477 1371 546 V.
1397 477 1444 546 dc
1468 471 1653 546 Mercede.

316 670 586 758 instituenda
602 671 658 758 ab
674 695 728 756 eo
743 669 898 774 religio
911 670 1147 756 maximam
1198 697 1272 758 mo
1300 669 1471 758 decimo
1498 673 1678 771 cetere,
1709 695 1786 756 rex
1810 661 1931 756 idem
1955 669 2021 755 Ja-

317 786 440 871 illam
457 785 687 873 caritatem
706 781 862 870 sedulo
880 788 1148 885 exercerent
1199 784 1337 872 cebus
1355 809 1453 870 eam
1476 783 1811 886 institutidnem,
1834 785 1920 888 jam
1940 783 2021 890 pri·

318 908 368 984 ut
391 899 577 1007 quisque
604 897 793 983 enimam
815 921 941 982 suam
962 902 1148 1005 peneret
1200 897 1302 984 dem
1332 897 1387 984 ab
1415 897 1571 983 iisdem
1598 897 1762 983 sanctis
1790 895 1896 981 viris
1928 920 2023 981 con·

318 1038 401 1120 pro
420 1010 584 1112 amicis,
602 1018 646 1096 et
662 1010 877 1118 preximis
896 1010 997 1094 suis.
1199 1015 1391 1119 ceptam,
1410 1010 1593 1117 exsequi
1612 1011 1782 1111 stituit,
1799 1007 2024 1096 sodalibus

370 1131 423 1235 ll.
460 1125 619 1229 Surge,
649 1127 1011 1230 prepera'amica
1040 1149 1149 1226 mea,
1200 1135 1359 1232 quarto
1387 1133 1494 1210 voto
1520 1124 1727 1224 astrictis,
1753 1121 1960 1209 manendi
1984 1122 2026 1206 in

319 1237 524 1323 columba
559 1261 678 1337 mea,
721 1238 916 1322 formesa
950 1261 1068 1339 mea,
1105 1247 1150 1324 et
1198 1237 1357 1345 pignus
1383 1235 1465 1323 sub
1491 1236 1769 1342 Pagandrum
1793 1240 2026 1345 potestdte,

319 1351 430 1435 veni.
464 1359 487 1408 *
516 1351 542 1434 J
543 1377 614 1434 am
642 1350 760 1435 enim
795 1347 935 1436 hiems
966 1351 1149 1454 transiit,
1200 1352 1237 1436 si
1271 1377 1354 1459 pro
1389 1349 1734 1436 Christiandrum
1767 1348 2028 1437 liberatiene

319 1463 458 1549 imber
478 1463 596 1567 abiit,
616 1475 662 1550 et
679 1463 873 1549 recessit.
914 1457 966 1562 u.
994 1463 1149 1550 Flores
1201 1489 1314 1571 opus
1333 1463 1475 1550 fuerit.
1511 1462 1679 1566 Quibus
1696 1487 1775 1548 rex
1792 1463 1892 1571 ipse
1911 1486 2029 1546 arma

320 1581 619 1686 apparuerunt
642 1579 687 1662 in
711 1585 829 1662 terra
851 1587 1021 1681 nostra,
1043 1587 1149 1663 tem·
1201 1603 1279 1662 sua
1302 1577 1422 1682 regia
1448 1578 1493 1661 in
1520 1579 1702 1683 pectore
1729 1574 1902 1662 deferre
1930 1599 2026 1660 con·

319 1716 403 1799 pus
421 1691 664 1797 putatidnis
684 1690 882 1795 advenit3
906 1717 996 1777 vox
1012 1699 1149 1780 turtu-
1201 1691 1353 1792 cessit,
1384 1700 1430 1777 et
1460 1716 1488 1775 a
1521 1690 1739 1794 Gregorio
1769 1713 1890 1805 nono
1923 1686 2029 1772 illud

318 1803 379 1888 ris
406 1803 558 1889 audita
584 1813 653 1890 est
679 1804 726 1889 in
752 1813 872 1890 terra
897 1815 1063 1891 nostra:
1089 1809 1149 1891 vi·
1200 1812 1291 1889 tam
1320 1803 1617 1911 praeeellentis
1648 1827 1752 1906 erga
1777 1801 2028 1910 proximum

319 1940 417 2001 neae
459 1917 668 2002 florentes
713 1915 931 2004 dederunt
965 1917 1150 2005 oderem
1202 1917 1398 2001 caritetis
1425 1915 1673 2002 institutum
1700 1924 1746 2000 et
1773 1914 2028 2021 religienem

320 2055 459 2115 suum.
499 2030 524 2114 J
526 2056 609 2114 am.
1202 2029 1451 2116 confirmari
1487 2029 1667 2116 curavit.
1723 2029 1811 2117 Sed
1850 2037 1896 2113 et
1937 2028 2028 2135 ipse

630 2149 781 2232 Lectio
801 2176 838 2228 v.
1199 2144 1322 2229 Deus
1347 2166 1428 2251 per
1445 2143 1672 2248 Virginem
1689 2145 1879 2231 Matrem
1896 2141 2027 2226 incre·

321 2253 430 2468 Ea
447 2258 545 2365 ipsa
567 2266 700 2343 nocte
723 2256 880 2344 eadem
897 2258 1036 2363 Virgo
1056 2283 1151 2343 san·
1201 2260 1397 2344 mentum
1427 2255 1570 2359 dedit,
1601 2267 1652 2342 ut
1682 2259 1783 2345 talis
1813 2254 2029 2341 instititio

431 2371 625 2457 ctissima
648 2371 781 2458 betto
805 2369 1070 2479 Raymundo
1095 2371 1151 2458 de
1202 2371 1405 2473 celerius,
1429 2395 1482 2456 ae
1505 2370 1675 2457 felicius
1697 2381 1842 2459 totum
1864 2395 1950 2477 per
1967 2393 2029 2453 or·

321 2485 540 2586 Pefiafort,
559 2493 604 2570 et
617 2485 644 2568 J
645 2484 788 2571 acebo
802 2485 1041 2588 Arageniae
1058 2485 1152 2590 regi
1201 2484 1304 2571 bem
1322 2482 1632 2588 divulgaretur,
1654 2488 1912 2589 sanctisque
1929 2481 2030 2566 viris

322 2598 542 2706 apparuit,
567 2597 761 2705 idipsum
780 2595 836 2684 de
854 2596 1073 2702 religiesis
1090 2598 1151 2682 in·
1201 2598 1402 2684 floruerit
1432 2597 1614 2684 carittte
1646 2625 1699 2684 ac
1733 2599 1903 2707 pietate
1935 2597 2029 2679 insi·

322 2710 558 2799 stituendis
577 2709 837 2814 admonens,
863 2708 1152 2819 suadensque,
1201 2709 1377 2815 gnibus,
1401 2710 1477 2817 qui
1499 2711 1801 2820 eleemesynas
1823 2735 1850 2794 a
1870 2707 2030 2794 Christi

322 2835 372 2910 ut
407 2848 540 2932 opem
570 2848 653 2930 pro
686 2823 1014 2911 constructione
1042 2819 1153 2911 tanti
1202 2823 1407 2910 fidelibus
1431 2823 1641 2911 collectas
1662 2825 1707 2907 in
1729 2823 1925 2932 pretium
1939 2820 2030 2906 red·

324 2937 472 3045 eperis
496 2938 670 3023 ferrent.
712 2936 871 3022 Petrus
895 2946 1043 3025 autem
1067 2946 1152 3023 sta·
1204 2937 1437 3044 emptidnis
1449 2939 1631 3022 suerum
1643 2937 1951 3046 proximemm
1963 2959 2029 3020 er·

323 3051 402 3136 tim
427 3050 484 3136 ad
504 3050 757 3158 Raymr'rndi
778 3050 937 3159 pedes,
965 3051 1041 3157 qui
1066 3052 1154 3159 ipsi
1202 3049 1462 3157 penderent,
1493 3075 1632 3158 seque
1662 3051 1786 3159 ipsos
1811 3047 2030 3135 interdurn

325 3174 420 3251 erat
438 3190 465 3250 a
483 3165 620 3252 sacris
639 3164 1000 3272 cqnsessienibus,
1020 3165 1153 3252 edvo·
1204 3163 1360 3249 darent
1398 3162 1444 3246 in
1487 3162 1840 3271 redemptionem
1876 3161 2029 3248 multe-

323 3277 433 3380 lans,
456 3278 496 3363 ei
515 3303 610 3362 rem
627 3302 802 3364 omnem
819 3278 1003 3386 aperuit
1023 3303 1155 3387 quem
1203 3302 1317 3362 rum:
1347 3287 1396 3364 ut
1426 3285 1575 3363 autem
1599 3277 1712 3364 tanti
1738 3276 1962 3378 beneficii,
1991 3283 2030 3359 et

177 3397 181 3406 ’
324 3391 458 3476 etiam
486 3390 660 3479 edelitus
687 3391 949 3479 instrictum
979 3392 1153 3501 reperit,
1202 3391 1493 3478 institutionis
1528 3389 1691 3478 debitae
1725 3391 1824 3478 Deo
1861 3401 1909 3476 et
1938 3387 2030 3474 Vir·

325 3505 506 3611 ejdsque
546 3503 778 3590 directioni
821 3530 869 3590 se
912 3504 1154 3592 humillime
1203 3505 1294 3609 gini
1308 3504 1440 3592 Matri
1452 3505 1698 3590 referentur
1711 3504 1877 3608 gretiae,
1898 3499 2030 3589 Sedes

325 3616 519 3724 subjecit.
548 3619 610 3704 At
628 3618 942 3725 superveniens
960 3619 985 3702 J
986 3619 1154 3706 acdbus
1204 3617 1467 3726 Apostelica
1489 3617 1604 3703 hanc
1623 3618 1896 3726 peculiarem
1920 3615 2028 3702 sesti·
2161 3651 2162 3676 ι

325 3757 421 3835 rex,
467 3758 599 3839 quam
640 3731 818 3839 etipse
854 3736 1088 3842 acceperat
1127 3760 1155 3821 a
1205 3733 1388 3819 vitetem
1406 3731 1630 3833 celebreri,
1649 3741 1694 3818 et
1708 3729 1918 3817 Officium
1930 3728 2028 3816 reci·

324 3844 580 3932 beatissima
614 3844 796 3948 Virgine
841 3846 1156 3948 revelatienem
1204 3846 1291 3934 tiur'
1319 3845 1519 3949 indulsit,
1551 3871 1652 3930 cum
1683 3845 1769 3931 alia
1795 3843 1888 3929 sere
1916 3844 2028 3928 inni·

327 3960 510 4066 exsequi
525 3959 688 4046 stetuit.
715 3957 843 4046 Unde
857 3959 1029 4046 collatis
1042 3961 1156 4049 inter
1205 3984 1327 4047 mera
1354 3959 1497 4046 eidem
1527 3959 1669 4046 erdini
1698 3957 1931 4068 privilegia
1960 3959 2027 4065 pa·

326 4099 375 4160 se
393 4071 599 4176 consiliis,
618 4082 663 4158 et
677 4072 1050 4160 consentientibus
1068 4076 1154 4160 eni·
1206 4075 1312 4161 riter
1331 4072 1600 4159 contulisset.

327 4187 425 4288 mis,
448 4187 493 4270 in
515 4185 945 4291 h011⁶remeislssd0m
962 4188 1156 4293 Virgisslfl
1257 4219 1308 4324 ll.
1336 4222 1445 4325 Quae
1464 4218 1638 4307 habitas
1661 4220 1705 4303 in
1723 4219 1883 4322 hortis,
1908 4219 2028 4305 amici
2161 4185 2162 4200 Ν

326 4300 499 4432 Maffisr
519 4299 717 4434 &dmin
734 4300 964 4432 insfitssefe
983 4306 1155 4409 aggred
1207 4333 1503 4421 auscultant*
1521 4332 1611 4418 Fae
1627 4357 1699 4418 me
1713 4331 1866 4418 audire
1880 4357 2027 4420 vocem

328 4441 366 4499 s1
401 4424 521 4516 sunt,
558 4414 640 4501 sub
676 4416 955 4499 invocatrene
990 4425 1156 4502 sanctae
1206 4458 1339 4535 tuam·
1385 4434 1436 4540 p,
1468 4447 1607 4550 Surge
1634 4449 1775 4532 amica
1796 4437 1914 4548 mea,
1940 4469 2026 4554 spe.

327 4527 480 4614 Mariae
511 4526 568 4613 de
599 4525 805 4612 Me¹⁶⁶de
840 4524 1156 4636 ‘edempfifflfifl
1207 4563 1329 4648 eiesa
1354 4587 1471 4662 mea,
1503 4571 1548 4646 et
1573 4559 1691 4646 veni:
1719 4558 1905 4646 ostende
1930 4557 2027 4643 mihi
2161 4547 2162 4568 ¹

330 4642 615 4774 captiverum.
893 4756 901 4775 ‚
938 4755 948 4776 .
1208 4676 1364 4760 ficiem
1386 4683 1525 4774 tuam,
1549 4683 1676 4759 sonet
1692 4697 1783 4759 vox
1805 4682 1884 4759 tua
1900 4673 1945 4757 in
1962 4675 2026 4756 alr·

378 4756 432 4860 li·
466 4754 667 4842 Dilectus
694 4781 819 4842 meus
844 4756 969 4859 mun,
1002 4765 1046 4842 et
1073 4781 1157 4860 080
1208 4789 1329 4876 ribus
1359 4788 1487 4891 mein
1518 4811 1607 4873 vox
1639 4785 1755 4873 enim
1779 4795 1858 4872 tua
1883 4784 2026 4886 dulcis,

328 4867 435 4952 iffi*
455 4868 1157 5003 QUi‚Pi¹⁸⁰st!¹151‚1t0fffli³²d⁰¹¹ec
1209 4915 1253 4990 et
1278 4903 1414 4988 leeies
1440 4911 1516 4986 tua
1544 4899 1718 4988 decere.
1749 4900 1851 4985 Fac.
1881 4895 2024 4984 Gldria

331 4987 497 5092 aspiret
514 4982 622 5087 dies,
641 4995 685 5072 et
702 4984 964 5071 mchnentur
978 4982 1157 5069 umbrae.
1208 5017 1338 5102 Patri,
1365 5016 1466 5102 Fac,

327 5081 379 5188 l'.
405 5099 502 5204 Ego
523 5096 684 5185 dilecto
701 5122 813 5200 meo,
833 5107 877 5184 et
894 5095 951 5182 ad
969 5121 1040 5182 me
1055 5121 1156 5182 con·

233 5323 238 5336 ι
330 5214 476 5301 versio
496 5213 598 5318 ejus.
626 5212 722 5315 Qui.
1419 5178 1469 5257 Ι11
1494 5175 1565 5256 III·
1594 5173 1818 5256 Nocturna

630 5319 781 5406 Lectio
800 5319 853 5402 vi.
1259 5318 1359 5399 Ant.
1384 5317 1633 5408 Vulnerasti
1651 5344 1728 5406 cor
1745 5344 1892 5406 meum
1908 5335 2023 5406 soror

421 5441 463 5526 ie
479 5439 611 5544 igitur
629 5435 799 5524 decima
815 5439 1021 5543 Augusti,
1043 5462 1158 5526 anno
1209 5461 1308 5524 mea
1331 5459 1510 5544 sponsa,
1534 5434 1777 5522 vulnerasti
1794 5451 2022 5521 cormeum
2161 5535 2162 5578 ᾗ

410 5599 414 5608 v
451 5552 631 5646 Demini
655 5551 887 5640 millesimo
915 5549 1159 5644 ducentesi-
1210 5551 1256 5640 in
1272 5575 1361 5686 uno
1380 5548 1608 5640 oculerum
1626 5551 1813 5638 tuarum.
