<?xml version="1.0" encoding="UTF-8"?>
<!DOCTYPE html PUBLIC "-//W3C//DTD XHTML 1.0 Transitional//EN"
    "http://www.w3.org/TR/xhtml1/DTD/xhtml1-transitional.dtd">
<html xmlns="http://www.w3.org/1999/xhtml" xml:lang="en" lang="en">
 <head>
  <title>
</title>
<meta http-equiv="Content-Type" content="text/html;charset=utf-8" />
  <meta name='ocr-system' content='tesseract 3.04.00' />
  <meta name='ocr-capabilities' content='ocr_page ocr_carea ocr_par ocr_line ocrx_word'/>
</head>
<body>
  <div class='ocr_page' id='page_1' title='image "./officiaproprias01churgoog_0409.png"; bbox 0 0 4354 6184; ppageno 0'>
   <div class='ocr_carea' id='block_1_1' title="bbox 820 471 1969 620">
    <p class='ocr_par' dir='ltr' id='par_1_1' title="bbox 820 471 1969 620">
     <span class='ocr_line' id='line_1_1' title="bbox 820 471 1969 620; baseline 0.003 -44"><span class='ocrx_word' id='word_1_1' title='bbox 820 505 936 576; x_wconf 74' lang='lat' dir='ltr'>nesta</span> <span class='ocrx_word' id='word_1_2' title='bbox 958 507 1120 594; x_wconf 77' lang='lat' dir='ltr'>nprrns.</span> <span class='ocrx_word' id='word_1_3' title='bbox 1145 509 1229 590; x_wconf 71' lang='grc' dir='ltr'>(ιο.)</span> <span class='ocrx_word' id='word_1_4' title='bbox 1795 471 1882 579; x_wconf 69' lang='lat' dir='ltr'>us·</span> <span class='ocrx_word' id='word_1_5' title='bbox 1964 610 1969 620; x_wconf 27' lang='grc' dir='ltr'>Ι</span> 
     </span>
    </p>
   </div>
   <div class='ocr_carea' id='block_1_2' title="bbox 156 684 1968 2718">
    <p class='ocr_par' dir='ltr' id='par_1_2' title="bbox 156 684 1968 1930">
     <span class='ocr_line' id='line_1_2' title="bbox 158 684 1883 802; baseline 0.009 -34"><span class='ocrx_word' id='word_1_6' title='bbox 158 687 361 785; x_wconf 74' lang='lat' dir='ltr'>testites</span> <span class='ocrx_word' id='word_1_7' title='bbox 380 684 475 769; x_wconf 84' lang='lat' dir='ltr'>sive</span> <span class='ocrx_word' id='word_1_8' title='bbox 489 685 779 792; x_wconf 76' lang='lat' dir='ltr'>Principetus,</span> <span class='ocrx_word' id='word_1_9' title='bbox 798 687 893 773; x_wconf 86' lang='lat' dir='ltr'>sive</span> <span class='ocrx_word' id='word_1_10' title='bbox 906 688 996 773; x_wconf 93' lang='lat' dir='ltr'>Do·</span> <span class='ocrx_word' id='word_1_11' title='bbox 1051 697 1124 773; x_wconf 91' lang='lat' dir='ltr'>tur</span> <span class='ocrx_word' id='word_1_12' title='bbox 1140 689 1343 796; x_wconf 84' lang='lat' dir='ltr'>intelligi,</span> <span class='ocrx_word' id='word_1_13' title='bbox 1368 693 1472 799; x_wconf 88' lang='lat' dir='ltr'>quia</span> <span class='ocrx_word' id='word_1_14' title='bbox 1489 694 1634 780; x_wconf 89' lang='lat' dir='ltr'>nulius</span> <span class='ocrx_word' id='word_1_15' title='bbox 1651 703 1805 802; x_wconf 89' lang='lat' dir='ltr'>potest</span> <span class='ocrx_word' id='word_1_16' title='bbox 1822 699 1883 783; x_wconf 75' lang='lat' dir='ltr'>fs-</span> 
     </span>
     <span class='ocr_line' id='line_1_3' title="bbox 157 799 1968 914; baseline 0.008 -32"><span class='ocrx_word' id='word_1_17' title='bbox 157 799 435 883; x_wconf 81' lang='lat' dir='ltr'>minatiener.</span> <span class='ocrx_word' id='word_1_18' title='bbox 487 799 606 883; x_wconf 88' lang='lat' dir='ltr'>Dum</span> <span class='ocrx_word' id='word_1_19' title='bbox 638 823 746 902; x_wconf 85' lang='lat' dir='ltr'>ergo</span> <span class='ocrx_word' id='word_1_20' title='bbox 778 799 865 884; x_wconf 88' lang='lat' dir='ltr'>iliis</span> <span class='ocrx_word' id='word_1_21' title='bbox 894 804 995 907; x_wconf 75' lang='lat' dir='ltr'>que·</span> <span class='ocrx_word' id='word_1_22' title='bbox 1049 825 1167 903; x_wconf 87' lang='lat' dir='ltr'>cere,</span> <span class='ocrx_word' id='word_1_23' title='bbox 1194 804 1317 910; x_wconf 91' lang='lat' dir='ltr'>quod</span> <span class='ocrx_word' id='word_1_24' title='bbox 1343 805 1490 891; x_wconf 73' lang='lat' dir='ltr'>fecere</span> <span class='ocrx_word' id='word_1_25' title='bbox 1513 807 1728 914; x_wconf 65' lang='lat' dir='ltr'>praevalet</span> <span class='ocrx_word' id='word_1_26' title='bbox 1751 811 1884 896; x_wconf 86' lang='lat' dir='ltr'>Deus.</span> <span class='ocrx_word' id='word_1_27' title='bbox 1965 901 1968 907; x_wconf 70' lang='grc'><strong>,</strong></span> 
     </span>
     <span class='ocr_line' id='line_1_4' title="bbox 156 910 1886 1029; baseline 0.007 -33"><span class='ocrx_word' id='word_1_28' title='bbox 156 919 279 1012; x_wconf 89' lang='lat' dir='ltr'>tuor,</span> <span class='ocrx_word' id='word_1_29' title='bbox 303 937 406 1017; x_wconf 82' lang='lat' dir='ltr'>quae</span> <span class='ocrx_word' id='word_1_30' title='bbox 425 910 484 997; x_wconf 86' lang='lat' dir='ltr'>ad</span> <span class='ocrx_word' id='word_1_31' title='bbox 503 911 722 1018; x_wconf 90' lang='lat' dir='ltr'>Ephesios</span> <span class='ocrx_word' id='word_1_32' title='bbox 742 911 869 1013; x_wconf 83' lang='lat' dir='ltr'>dixit,</span> <span class='ocrx_word' id='word_1_33' title='bbox 894 938 995 998; x_wconf 88' lang='lat' dir='ltr'>con·</span> <span class='ocrx_word' id='word_1_34' title='bbox 1049 913 1178 1000; x_wconf 83' lang='lat' dir='ltr'>Unde</span> <span class='ocrx_word' id='word_1_35' title='bbox 1205 925 1251 1003; x_wconf 90' lang='lat' dir='ltr'>et</span> <span class='ocrx_word' id='word_1_36' title='bbox 1275 916 1350 1003; x_wconf 87' lang='lat' dir='ltr'>ille</span> <span class='ocrx_word' id='word_1_37' title='bbox 1377 923 1585 1024; x_wconf 86' lang='lat' dir='ltr'>antiquus</span> <span class='ocrx_word' id='word_1_38' title='bbox 1616 920 1776 1023; x_wconf 89' lang='lat' dir='ltr'>hostis,</span> <span class='ocrx_word' id='word_1_39' title='bbox 1809 925 1886 1029; x_wconf 93' lang='lat' dir='ltr'>qui</span> 
     </span>
     <span class='ocr_line' id='line_1_5' title="bbox 157 1024 1885 1138; baseline 0.006 -28"><span class='ocrx_word' id='word_1_40' title='bbox 157 1026 398 1129; x_wconf 79' lang='lat' dir='ltr'>junguntur</span> <span class='ocrx_word' id='word_1_41' title='bbox 432 1024 622 1128; x_wconf 90' lang='lat' dir='ltr'>Throni‚</span> <span class='ocrx_word' id='word_1_42' title='bbox 663 1027 858 1133; x_wconf 87' lang='lat' dir='ltr'>quinque</span> <span class='ocrx_word' id='word_1_43' title='bbox 894 1035 996 1112; x_wconf 91' lang='lat' dir='ltr'>sunt</span> <span class='ocrx_word' id='word_1_44' title='bbox 1033 1028 1147 1116; x_wconf 73' lang='lat' dir='ltr'>,Deo</span> <span class='ocrx_word' id='word_1_45' title='bbox 1184 1054 1283 1115; x_wconf 88' lang='lat' dir='ltr'>esse</span> <span class='ocrx_word' id='word_1_46' title='bbox 1325 1055 1406 1136; x_wconf 88' lang='lat' dir='ltr'>per</span> <span class='ocrx_word' id='word_1_47' title='bbox 1441 1032 1695 1138; x_wconf 85' lang='lat' dir='ltr'>superbiam</span> <span class='ocrx_word' id='word_1_48' title='bbox 1730 1036 1885 1121; x_wconf 87' lang='lat' dir='ltr'>similis</span> 
     </span>
     <span class='ocr_line' id='line_1_6' title="bbox 158 1137 1885 1247; baseline 0.006 -25"><span class='ocrx_word' id='word_1_49' title='bbox 158 1137 359 1224; x_wconf 77' lang='lat' dir='ltr'>erriines:</span> <span class='ocrx_word' id='word_1_50' title='bbox 405 1137 567 1245; x_wconf 86' lang='lat' dir='ltr'>quibus</span> <span class='ocrx_word' id='word_1_51' title='bbox 612 1137 717 1225; x_wconf 89' lang='lat' dir='ltr'>dum</span> <span class='ocrx_word' id='word_1_52' title='bbox 754 1139 916 1244; x_wconf 84' lang='lat' dir='ltr'>Augeli</span> <span class='ocrx_word' id='word_1_53' title='bbox 952 1150 998 1225; x_wconf 92' lang='lat' dir='ltr'>et</span> <span class='ocrx_word' id='word_1_54' title='bbox 1052 1141 1317 1247; x_wconf 80' lang='lat' dir='ltr'>concupivit,</span> <span class='ocrx_word' id='word_1_55' title='bbox 1342 1142 1508 1227; x_wconf 76' lang='lat' dir='ltr'>dicens:</span> <span class='ocrx_word' id='word_1_56' title='bbox 1531 1145 1583 1228; x_wconf 90' lang='lat' dir='ltr'>In</span> <span class='ocrx_word' id='word_1_57' title='bbox 1602 1145 1765 1231; x_wconf 88' lang='lat' dir='ltr'>coelum</span> <span class='ocrx_word' id='word_1_58' title='bbox 1782 1172 1885 1234; x_wconf 87' lang='lat' dir='ltr'>con·</span> 
     </span>
     <span class='ocr_line' id='line_1_7' title="bbox 158 1248 1885 1361; baseline 0.006 -27"><span class='ocrx_word' id='word_1_59' title='bbox 158 1248 442 1354; x_wconf 70' lang='lat' dir='ltr'>Archangeli,</span> <span class='ocrx_word' id='word_1_60' title='bbox 460 1250 697 1337; x_wconf 86' lang='lat' dir='ltr'>Cherubim</span> <span class='ocrx_word' id='word_1_61' title='bbox 720 1261 854 1360; x_wconf 83' lang='lat' dir='ltr'>atque</span> <span class='ocrx_word' id='word_1_62' title='bbox 872 1253 996 1338; x_wconf 89' lang='lat' dir='ltr'>Sera·</span> <span class='ocrx_word' id='word_1_63' title='bbox 1050 1251 1281 1356; x_wconf 74' lang='lat' dir='ltr'>scendum,</span> <span class='ocrx_word' id='word_1_64' title='bbox 1318 1279 1453 1361; x_wconf 89' lang='lat' dir='ltr'>super</span> <span class='ocrx_word' id='word_1_65' title='bbox 1483 1266 1603 1343; x_wconf 88' lang='lat' dir='ltr'>astra</span> <span class='ocrx_word' id='word_1_66' title='bbox 1634 1257 1737 1343; x_wconf 88' lang='lat' dir='ltr'>coeli</span> <span class='ocrx_word' id='word_1_67' title='bbox 1769 1259 1885 1345; x_wconf 86' lang='lat' dir='ltr'>exal·</span> 
     </span>
     <span class='ocr_line' id='line_1_8' title="bbox 157 1363 1884 1472; baseline 0.006 -24"><span class='ocrx_word' id='word_1_68' title='bbox 157 1363 285 1469; x_wconf 90' lang='lat' dir='ltr'>phim</span> <span class='ocrx_word' id='word_1_69' title='bbox 302 1363 509 1470; x_wconf 75' lang='lat' dir='ltr'>adjuncta</span> <span class='ocrx_word' id='word_1_70' title='bbox 531 1374 652 1467; x_wconf 89' lang='lat' dir='ltr'>sunt,</span> <span class='ocrx_word' id='word_1_71' title='bbox 675 1364 835 1472; x_wconf 86' lang='lat' dir='ltr'>procul</span> <span class='ocrx_word' id='word_1_72' title='bbox 858 1364 996 1451; x_wconf 85' lang='lat' dir='ltr'>dubio</span> <span class='ocrx_word' id='word_1_73' title='bbox 1050 1365 1158 1452; x_wconf 75' lang='lat' dir='ltr'>tebo</span> <span class='ocrx_word' id='word_1_74' title='bbox 1176 1364 1337 1462; x_wconf 83' lang='lat' dir='ltr'>sdlium</span> <span class='ocrx_word' id='word_1_75' title='bbox 1353 1392 1516 1468; x_wconf 88' lang='lat' dir='ltr'>meum,</span> <span class='ocrx_word' id='word_1_76' title='bbox 1540 1369 1694 1454; x_wconf 89' lang='lat' dir='ltr'>similis</span> <span class='ocrx_word' id='word_1_77' title='bbox 1713 1395 1791 1458; x_wconf 89' lang='lat' dir='ltr'>ero</span> <span class='ocrx_word' id='word_1_78' title='bbox 1811 1373 1884 1458; x_wconf 83' lang='lat' dir='ltr'>Al·</span> 
     </span>
     <span class='ocr_line' id='line_1_9' title="bbox 158 1475 1886 1582; baseline 0.007 -22"><span class='ocrx_word' id='word_1_79' title='bbox 158 1500 322 1563; x_wconf 88' lang='lat' dir='ltr'>novem</span> <span class='ocrx_word' id='word_1_80' title='bbox 365 1503 464 1564; x_wconf 88' lang='lat' dir='ltr'>esse</span> <span class='ocrx_word' id='word_1_81' title='bbox 501 1479 774 1582; x_wconf 85' lang='lat' dir='ltr'>Angeldrum</span> <span class='ocrx_word' id='word_1_82' title='bbox 820 1475 997 1566; x_wconf 84' lang='lat' dir='ltr'>drdines</span> <span class='ocrx_word' id='word_1_83' title='bbox 1049 1477 1238 1564; x_wconf 80' lang='lat' dir='ltr'>tissime:</span> <span class='ocrx_word' id='word_1_84' title='bbox 1261 1478 1367 1564; x_wconf 91' lang='lat' dir='ltr'>dum</span> <span class='ocrx_word' id='word_1_85' title='bbox 1386 1479 1432 1563; x_wconf 94' lang='lat' dir='ltr'>in</span> <span class='ocrx_word' id='word_1_86' title='bbox 1456 1480 1543 1568; x_wconf 88' lang='lat' dir='ltr'>fine</span> <span class='ocrx_word' id='word_1_87' title='bbox 1566 1483 1720 1568; x_wconf 89' lang='lat' dir='ltr'>mundi</span> <span class='ocrx_word' id='word_1_88' title='bbox 1742 1485 1788 1569; x_wconf 93' lang='lat' dir='ltr'>in</span> <span class='ocrx_word' id='word_1_89' title='bbox 1805 1511 1886 1573; x_wconf 87' lang='lat' dir='ltr'>sua</span> 
     </span>
     <span class='ocr_line' id='line_1_10' title="bbox 157 1587 1883 1709; baseline 0.008 -37"><span class='ocrx_word' id='word_1_90' title='bbox 157 1587 452 1680; x_wconf 76' lang='lat' dir='ltr'>invenimur.</span> <span class='ocrx_word' id='word_1_91' title='bbox 1049 1589 1211 1676; x_wconf 82' lang='lat' dir='ltr'>virtdte</span> <span class='ocrx_word' id='word_1_92' title='bbox 1247 1591 1520 1699; x_wconf 90' lang='lat' dir='ltr'>relinquetur</span> <span class='ocrx_word' id='word_1_93' title='bbox 1551 1598 1751 1682; x_wconf 86' lang='lat' dir='ltr'>extremo</span> <span class='ocrx_word' id='word_1_94' title='bbox 1783 1624 1883 1709; x_wconf 89' lang='lat' dir='ltr'>sup·</span> 
     </span>
     <span class='ocr_line' id='line_1_11' title="bbox 220 1701 1884 1814; baseline 0.007 -27"><span class='ocrx_word' id='word_1_95' title='bbox 220 1706 272 1808; x_wconf 66' lang='grc'>11.</span> <span class='ocrx_word' id='word_1_96' title='bbox 292 1702 380 1790; x_wconf 89' lang='lat' dir='ltr'>Hic</span> <span class='ocrx_word' id='word_1_97' title='bbox 398 1712 467 1789; x_wconf 90' lang='lat' dir='ltr'>est</span> <span class='ocrx_word' id='word_1_98' title='bbox 484 1703 685 1789; x_wconf 78' lang='lat' dir='ltr'>Michaei</span> <span class='ocrx_word' id='word_1_99' title='bbox 747 1784 751 1794; x_wconf 87' lang='grc'>,</span> <span class='ocrx_word' id='word_1_100' title='bbox 1049 1701 1184 1809; x_wconf 80' lang='lat' dir='ltr'>plinio</span> <span class='ocrx_word' id='word_1_101' title='bbox 1208 1704 1509 1814; x_wconf 87' lang='lat' dir='ltr'>perimendus,</span> <span class='ocrx_word' id='word_1_102' title='bbox 1542 1733 1643 1796; x_wconf 88' lang='lat' dir='ltr'>cum</span> <span class='ocrx_word' id='word_1_103' title='bbox 1669 1708 1884 1798; x_wconf 85' lang='lat' dir='ltr'>Michaele</span> 
     </span>
     <span class='ocr_line' id='line_1_12' title="bbox 477 1813 1883 1930; baseline 0.006 -28"><span class='ocrx_word' id='word_1_104' title='bbox 477 1817 631 1904; x_wconf 78' lang='lat' dir='ltr'>Lectio</span> <span class='ocrx_word' id='word_1_105' title='bbox 653 1847 690 1900; x_wconf 86' lang='lat' dir='ltr'>v.</span> <span class='ocrx_word' id='word_1_106' title='bbox 1049 1813 1330 1920; x_wconf 71' lang='lat' dir='ltr'>Archangelo</span> <span class='ocrx_word' id='word_1_107' title='bbox 1355 1819 1634 1924; x_wconf 73' lang='lat' dir='ltr'>praeliaturus</span> <span class='ocrx_word' id='word_1_108' title='bbox 1663 1846 1761 1908; x_wconf 81' lang='lat' dir='ltr'>erse</span> <span class='ocrx_word' id='word_1_109' title='bbox 1786 1850 1883 1930; x_wconf 91' lang='lat' dir='ltr'>per-</span> 
     </span>
    </p>

    <p class='ocr_par' dir='ltr' id='par_1_3' title="bbox 161 1920 1886 2718">
     <span class='ocr_line' id='line_1_13' title="bbox 168 1920 1884 2135; baseline 0.004 -121"><span class='ocrx_word' id='word_1_110' title='bbox 168 1920 440 2135; x_wconf 79' lang='lat' dir='ltr'>sciendum</span> <span class='ocrx_word' id='word_1_111' title='bbox 458 1953 566 2015; x_wconf 86' lang='lat' dir='ltr'>vero</span> <span class='ocrx_word' id='word_1_112' title='bbox 587 1927 709 2036; x_wconf 90' lang='lat' dir='ltr'>quod</span> <span class='ocrx_word' id='word_1_113' title='bbox 724 1927 998 2041; x_wconf 71' lang='lat' dir='ltr'>Angelorum</span> <span class='ocrx_word' id='word_1_114' title='bbox 1049 1925 1233 2030; x_wconf 91' lang='lat' dir='ltr'>hibetur,</span> <span class='ocrx_word' id='word_1_115' title='bbox 1251 1930 1366 2015; x_wconf 88' lang='lat' dir='ltr'>sicut</span> <span class='ocrx_word' id='word_1_116' title='bbox 1382 1956 1464 2038; x_wconf 95' lang='lat' dir='ltr'>per</span> <span class='ocrx_word' id='word_1_117' title='bbox 1475 1931 1502 2013; x_wconf 86' lang='lat' dir='ltr'>J</span> <span class='ocrx_word' id='word_1_118' title='bbox 1502 1936 1691 2019; x_wconf 68' lang='lat' dir='ltr'>oannem</span> <span class='ocrx_word' id='word_1_119' title='bbox 1709 1934 1884 2022; x_wconf 83' lang='lat' dir='ltr'>dicitur:</span> 
     </span>
     <span class='ocr_line' id='line_1_14' title="bbox 258 2039 1884 2150; baseline 0.006 -26"><span class='ocrx_word' id='word_1_120' title='bbox 258 2040 527 2126; x_wconf 75' lang='lat' dir='ltr'>vocibulum</span> <span class='ocrx_word' id='word_1_121' title='bbox 556 2063 718 2126; x_wconf 90' lang='lat' dir='ltr'>nomen</span> <span class='ocrx_word' id='word_1_122' title='bbox 750 2048 819 2126; x_wconf 91' lang='lat' dir='ltr'>est</span> <span class='ocrx_word' id='word_1_123' title='bbox 851 2039 998 2141; x_wconf 85' lang='lat' dir='ltr'>officii,</span> <span class='ocrx_word' id='word_1_124' title='bbox 1049 2041 1236 2128; x_wconf 81' lang='lat' dir='ltr'>Factum</span> <span class='ocrx_word' id='word_1_125' title='bbox 1254 2052 1322 2128; x_wconf 90' lang='lat' dir='ltr'>est</span> <span class='ocrx_word' id='word_1_126' title='bbox 1335 2042 1538 2150; x_wconf 78' lang='lat' dir='ltr'>praelium</span> <span class='ocrx_word' id='word_1_127' title='bbox 1553 2070 1655 2131; x_wconf 91' lang='lat' dir='ltr'>cum</span> <span class='ocrx_word' id='word_1_128' title='bbox 1668 2046 1884 2134; x_wconf 86' lang='lat' dir='ltr'>Michaele</span> 
     </span>
     <span class='ocr_line' id='line_1_15' title="bbox 161 2151 1885 2268; baseline 0.008 -34"><span class='ocrx_word' id='word_1_129' title='bbox 161 2177 252 2237; x_wconf 94' lang='lat' dir='ltr'>non</span> <span class='ocrx_word' id='word_1_130' title='bbox 269 2159 452 2238; x_wconf 80' lang='lat' dir='ltr'>naturae.</span> <span class='ocrx_word' id='word_1_131' title='bbox 483 2153 607 2238; x_wconf 86' lang='lat' dir='ltr'>Nam</span> <span class='ocrx_word' id='word_1_132' title='bbox 626 2153 767 2238; x_wconf 87' lang='lat' dir='ltr'>sancti</span> <span class='ocrx_word' id='word_1_133' title='bbox 787 2152 850 2236; x_wconf 91' lang='lat' dir='ltr'>illi</span> <span class='ocrx_word' id='word_1_134' title='bbox 867 2152 997 2240; x_wconf 88' lang='lat' dir='ltr'>coele·</span> <span class='ocrx_word' id='word_1_135' title='bbox 1050 2152 1344 2260; x_wconf 65' lang='lat' dir='ltr'>Archangelo.</span> <span class='ocrx_word' id='word_1_136' title='bbox 1392 2151 1466 2242; x_wconf 92' lang='lat' dir='ltr'>Ad</span> <span class='ocrx_word' id='word_1_137' title='bbox 1494 2157 1680 2244; x_wconf 83' lang='lat' dir='ltr'>Mariam</span> <span class='ocrx_word' id='word_1_138' title='bbox 1706 2184 1885 2268; x_wconf 90' lang='lat' dir='ltr'>quoque</span> 
     </span>
     <span class='ocr_line' id='line_1_16' title="bbox 162 2264 1884 2378; baseline 0.008 -30"><span class='ocrx_word' id='word_1_139' title='bbox 162 2264 244 2351; x_wconf 86' lang='lat' dir='ltr'>stis</span> <span class='ocrx_word' id='word_1_140' title='bbox 257 2267 416 2372; x_wconf 74' lang='lat' dir='ltr'>petriae</span> <span class='ocrx_word' id='word_1_141' title='bbox 430 2267 611 2374; x_wconf 83' lang='lat' dir='ltr'>spiritus</span> <span class='ocrx_word' id='word_1_142' title='bbox 627 2289 804 2374; x_wconf 83' lang='lat' dir='ltr'>semper</span> <span class='ocrx_word' id='word_1_143' title='bbox 819 2264 997 2373; x_wconf 92' lang='lat' dir='ltr'>quidem</span> <span class='ocrx_word' id='word_1_144' title='bbox 1050 2265 1234 2352; x_wconf 79' lang='lat' dir='ltr'>Gebriel</span> <span class='ocrx_word' id='word_1_145' title='bbox 1246 2269 1445 2370; x_wconf 82' lang='lat' dir='ltr'>mittitur,</span> <span class='ocrx_word' id='word_1_146' title='bbox 1464 2271 1540 2378; x_wconf 93' lang='lat' dir='ltr'>qui</span> <span class='ocrx_word' id='word_1_147' title='bbox 1553 2271 1638 2357; x_wconf 86' lang='lat' dir='ltr'>Dei</span> <span class='ocrx_word' id='word_1_148' title='bbox 1650 2271 1884 2361; x_wconf 82' lang='lat' dir='ltr'>Fortitrido</span> 
     </span>
     <span class='ocr_line' id='line_1_17' title="bbox 163 2375 1886 2492; baseline 0.008 -32"><span class='ocrx_word' id='word_1_149' title='bbox 163 2385 267 2461; x_wconf 90' lang='lat' dir='ltr'>sunt</span> <span class='ocrx_word' id='word_1_150' title='bbox 299 2381 499 2485; x_wconf 85' lang='lat' dir='ltr'>spiritus,</span> <span class='ocrx_word' id='word_1_151' title='bbox 531 2377 612 2465; x_wconf 88' lang='lat' dir='ltr'>sed</span> <span class='ocrx_word' id='word_1_152' title='bbox 644 2402 821 2488; x_wconf 85' lang='lat' dir='ltr'>semper</span> <span class='ocrx_word' id='word_1_153' title='bbox 846 2378 999 2464; x_wconf 68' lang='lat' dir='ltr'>vocari</span> <span class='ocrx_word' id='word_1_154' title='bbox 1049 2379 1314 2467; x_wconf 74' lang='lat' dir='ltr'>nominetur.</span> <span class='ocrx_word' id='word_1_155' title='bbox 1348 2375 1479 2466; x_wconf 92' lang='lat' dir='ltr'>Illum</span> <span class='ocrx_word' id='word_1_156' title='bbox 1498 2385 1666 2492; x_wconf 88' lang='lat' dir='ltr'>quippe</span> <span class='ocrx_word' id='word_1_157' title='bbox 1683 2387 1886 2472; x_wconf 81' lang='lat' dir='ltr'>nuntiire</span> 
     </span>
     <span class='ocr_line' id='line_1_18' title="bbox 162 2489 1886 2599; baseline 0.006 -27"><span class='ocrx_word' id='word_1_158' title='bbox 162 2489 323 2594; x_wconf 86' lang='lat' dir='ltr'>Angeli</span> <span class='ocrx_word' id='word_1_159' title='bbox 349 2494 630 2599; x_wconf 73' lang='lat' dir='ltr'>nequaquam</span> <span class='ocrx_word' id='word_1_160' title='bbox 662 2499 865 2597; x_wconf 85' lang='lat' dir='ltr'>possunt:</span> <span class='ocrx_word' id='word_1_161' title='bbox 896 2490 1000 2597; x_wconf 89' lang='lat' dir='ltr'>quia</span> <span class='ocrx_word' id='word_1_162' title='bbox 1050 2492 1266 2597; x_wconf 72' lang='lat' dir='ltr'>veniebat</span> <span class='ocrx_word' id='word_1_163' title='bbox 1282 2492 1358 2599; x_wconf 90' lang='lat' dir='ltr'>qui</span> <span class='ocrx_word' id='word_1_164' title='bbox 1366 2493 1425 2580; x_wconf 90' lang='lat' dir='ltr'>ad</span> <span class='ocrx_word' id='word_1_165' title='bbox 1435 2493 1721 2582; x_wconf 63' lang='lat' dir='ltr'>debellandas</span> <span class='ocrx_word' id='word_1_166' title='bbox 1731 2505 1886 2583; x_wconf 84' lang='lat' dir='ltr'>aereas</span> 
     </span>
     <span class='ocr_line' id='line_1_19' title="bbox 162 2601 1884 2718; baseline 0.006 -33"><span class='ocrx_word' id='word_1_167' title='bbox 162 2609 269 2688; x_wconf 91' lang='lat' dir='ltr'>tunc</span> <span class='ocrx_word' id='word_1_168' title='bbox 294 2604 438 2689; x_wconf 89' lang='lat' dir='ltr'>solum</span> <span class='ocrx_word' id='word_1_169' title='bbox 463 2612 564 2689; x_wconf 90' lang='lat' dir='ltr'>sunt</span> <span class='ocrx_word' id='word_1_170' title='bbox 586 2601 764 2708; x_wconf 84' lang='lat' dir='ltr'>Angeli‚</span> <span class='ocrx_word' id='word_1_171' title='bbox 792 2629 893 2689; x_wconf 92' lang='lat' dir='ltr'>cum</span> <span class='ocrx_word' id='word_1_172' title='bbox 916 2628 999 2709; x_wconf 91' lang='lat' dir='ltr'>per</span> <span class='ocrx_word' id='word_1_173' title='bbox 1050 2609 1297 2711; x_wconf 78' lang='lat' dir='ltr'>potestetes</span> <span class='ocrx_word' id='word_1_174' title='bbox 1313 2605 1491 2691; x_wconf 83' lang='lat' dir='ltr'>humilis</span> <span class='ocrx_word' id='word_1_175' title='bbox 1505 2613 1722 2718; x_wconf 87' lang='lat' dir='ltr'>apparere</span> <span class='ocrx_word' id='word_1_176' title='bbox 1737 2608 1884 2715; x_wconf 76' lang='lat' dir='ltr'>digni-</span> 
     </span>
    </p>
   </div>
   <div class='ocr_carea' id='block_1_3' title="bbox 162 2715 2033 2830">
    <p class='ocr_par' dir='ltr' id='par_1_4' title="bbox 162 2715 2033 2830">
     <span class='ocr_line' id='line_1_20' title="bbox 162 2715 2033 2830; baseline 0.006 -31"><span class='ocrx_word' id='word_1_177' title='bbox 162 2739 243 2799; x_wconf 87' lang='lat' dir='ltr'>eos</span> <span class='ocrx_word' id='word_1_178' title='bbox 257 2715 406 2822; x_wconf 75' lang='lat' dir='ltr'>eliqua</span> <span class='ocrx_word' id='word_1_179' title='bbox 418 2716 687 2803; x_wconf 76' lang='lat' dir='ltr'>nuntientur.</span> <span class='ocrx_word' id='word_1_180' title='bbox 713 2715 844 2803; x_wconf 90' lang='lat' dir='ltr'>Unde</span> <span class='ocrx_word' id='word_1_181' title='bbox 861 2726 906 2802; x_wconf 88' lang='lat' dir='ltr'>et</span> <span class='ocrx_word' id='word_1_182' title='bbox 917 2741 999 2824; x_wconf 91' lang='lat' dir='ltr'>per</span> <span class='ocrx_word' id='word_1_183' title='bbox 1050 2725 1123 2801; x_wconf 87' lang='lat' dir='ltr'>tus</span> <span class='ocrx_word' id='word_1_184' title='bbox 1142 2727 1221 2804; x_wconf 89' lang='lat' dir='ltr'>est.</span> <span class='ocrx_word' id='word_1_185' title='bbox 1254 2718 1459 2825; x_wconf 68' lang='lat' dir='ltr'>Riphael</span> <span class='ocrx_word' id='word_1_186' title='bbox 1477 2743 1657 2827; x_wconf 89' lang='lat' dir='ltr'>quoque</span> <span class='ocrx_word' id='word_1_187' title='bbox 1674 2723 1886 2830; x_wconf 86' lang='lat' dir='ltr'>interpre-</span> <span class='ocrx_word' id='word_1_188' title='bbox 2029 2749 2033 2764; x_wconf 92' lang='lat'>·</span> 
     </span>
    </p>
   </div>
   <div class='ocr_carea' id='block_1_4' title="bbox 160 2827 1909 5650">
    <p class='ocr_par' dir='ltr' id='par_1_5' title="bbox 160 2827 1909 5650">
     <span class='ocr_line' id='line_1_21' title="bbox 161 2827 1886 2933; baseline 0.004 -22"><span class='ocrx_word' id='word_1_189' title='bbox 161 2827 443 2922; x_wconf 87' lang='lat' dir='ltr'>Psalmistam</span> <span class='ocrx_word' id='word_1_190' title='bbox 464 2828 640 2915; x_wconf 87' lang='lat' dir='ltr'>dicitur:</span> <span class='ocrx_word' id='word_1_191' title='bbox 671 2829 757 2932; x_wconf 94' lang='lat' dir='ltr'>Qui</span> <span class='ocrx_word' id='word_1_192' title='bbox 784 2829 890 2914; x_wconf 83' lang='lat' dir='ltr'>facit</span> <span class='ocrx_word' id='word_1_193' title='bbox 910 2828 997 2912; x_wconf 92' lang='lat' dir='ltr'>An·</span> <span class='ocrx_word' id='word_1_194' title='bbox 1051 2831 1187 2931; x_wconf 75' lang='lat' dir='ltr'>titur,</span> <span class='ocrx_word' id='word_1_195' title='bbox 1219 2838 1268 2915; x_wconf 92' lang='lat' dir='ltr'>ut</span> <span class='ocrx_word' id='word_1_196' title='bbox 1299 2829 1508 2933; x_wconf 86' lang='lat' dir='ltr'>diximus,</span> <span class='ocrx_word' id='word_1_197' title='bbox 1538 2832 1758 2920; x_wconf 86' lang='lat' dir='ltr'>Medicina</span> <span class='ocrx_word' id='word_1_198' title='bbox 1785 2835 1886 2919; x_wconf 90' lang='lat' dir='ltr'>Dei:</span> 
     </span>
     <span class='ocr_line' id='line_1_22' title="bbox 160 2939 1886 3054; baseline 0.002 -27"><span class='ocrx_word' id='word_1_199' title='bbox 160 2939 289 3044; x_wconf 85' lang='lat' dir='ltr'>gelos</span> <span class='ocrx_word' id='word_1_200' title='bbox 307 2942 624 3054; x_wconf 88' lang='lat' dir='ltr'>suosspiritus.</span> <span class='ocrx_word' id='word_1_201' title='bbox 655 2944 722 3026; x_wconf 88' lang='lat' dir='ltr'>Ac</span> <span class='ocrx_word' id='word_1_202' title='bbox 740 2941 779 3025; x_wconf 88' lang='lat' dir='ltr'>si</span> <span class='ocrx_word' id='word_1_203' title='bbox 795 2944 1000 3049; x_wconf 84' lang='lat' dir='ltr'>patenter</span> <span class='ocrx_word' id='word_1_204' title='bbox 1053 2941 1156 3047; x_wconf 85' lang='lat' dir='ltr'>quia</span> <span class='ocrx_word' id='word_1_205' title='bbox 1181 2941 1392 3030; x_wconf 81' lang='lat' dir='ltr'>videlicet</span> <span class='ocrx_word' id='word_1_206' title='bbox 1419 2941 1523 3028; x_wconf 93' lang='lat' dir='ltr'>dum</span> <span class='ocrx_word' id='word_1_207' title='bbox 1546 2941 1704 3032; x_wconf 82' lang='lat' dir='ltr'>Tobiae</span> <span class='ocrx_word' id='word_1_208' title='bbox 1731 2945 1886 3031; x_wconf 84' lang='lat' dir='ltr'>doulos</span> 
     </span>
     <span class='ocr_line' id='line_1_23' title="bbox 162 3052 1887 3162; baseline 0.004 -24"><span class='ocrx_word' id='word_1_209' title='bbox 162 3053 300 3139; x_wconf 83' lang='lat' dir='ltr'>dicat:</span> <span class='ocrx_word' id='word_1_210' title='bbox 323 3054 408 3158; x_wconf 93' lang='lat' dir='ltr'>Qui</span> <span class='ocrx_word' id='word_1_211' title='bbox 429 3078 519 3156; x_wconf 85' lang='lat' dir='ltr'>eos,</span> <span class='ocrx_word' id='word_1_212' title='bbox 539 3080 653 3162; x_wconf 88' lang='lat' dir='ltr'>quos</span> <span class='ocrx_word' id='word_1_213' title='bbox 671 3079 847 3160; x_wconf 90' lang='lat' dir='ltr'>semper</span> <span class='ocrx_word' id='word_1_214' title='bbox 863 3052 1000 3140; x_wconf 85' lang='lat' dir='ltr'>habet</span> <span class='ocrx_word' id='word_1_215' title='bbox 1053 3054 1180 3160; x_wconf 88' lang='lat' dir='ltr'>quasi</span> <span class='ocrx_word' id='word_1_216' title='bbox 1204 3079 1286 3161; x_wconf 87' lang='lat' dir='ltr'>per</span> <span class='ocrx_word' id='word_1_217' title='bbox 1310 3055 1505 3142; x_wconf 86' lang='lat' dir='ltr'>officium</span> <span class='ocrx_word' id='word_1_218' title='bbox 1528 3059 1766 3145; x_wconf 81' lang='lat' dir='ltr'>curatidnis</span> <span class='ocrx_word' id='word_1_219' title='bbox 1789 3059 1887 3145; x_wconf 89' lang='lat' dir='ltr'>teti·</span> 
     </span>
     <span class='ocr_line' id='line_1_24' title="bbox 161 3165 1856 3275; baseline 0.002 -25"><span class='ocrx_word' id='word_1_220' title='bbox 161 3167 363 3273; x_wconf 85' lang='lat' dir='ltr'>spiritus,</span> <span class='ocrx_word' id='word_1_221' title='bbox 392 3167 524 3252; x_wconf 85' lang='lat' dir='ltr'>etiam</span> <span class='ocrx_word' id='word_1_222' title='bbox 552 3192 652 3252; x_wconf 88' lang='lat' dir='ltr'>cum</span> <span class='ocrx_word' id='word_1_223' title='bbox 675 3167 885 3270; x_wconf 76' lang='lat' dir='ltr'>voluerit,</span> <span class='ocrx_word' id='word_1_224' title='bbox 911 3167 998 3251; x_wconf 84' lang='lat' dir='ltr'>An·</span> <span class='ocrx_word' id='word_1_225' title='bbox 1051 3165 1126 3270; x_wconf 87' lang='lat' dir='ltr'>git,</span> <span class='ocrx_word' id='word_1_226' title='bbox 1145 3168 1362 3253; x_wconf 75' lang='lat' dir='ltr'>eaecitetis</span> <span class='ocrx_word' id='word_1_227' title='bbox 1382 3170 1475 3275; x_wconf 89' lang='lat' dir='ltr'>ejus</span> <span class='ocrx_word' id='word_1_228' title='bbox 1492 3170 1700 3258; x_wconf 77' lang='lat' dir='ltr'>tenebras</span> <span class='ocrx_word' id='word_1_229' title='bbox 1718 3171 1856 3256; x_wconf 87' lang='lat' dir='ltr'>tersit.</span> 
     </span>
     <span class='ocr_line' id='line_1_25' title="bbox 161 3279 1560 3387; baseline 0.002 -24"><span class='ocrx_word' id='word_1_230' title='bbox 161 3279 290 3382; x_wconf 86' lang='lat' dir='ltr'>gelos</span> <span class='ocrx_word' id='word_1_231' title='bbox 312 3279 428 3365; x_wconf 84' lang='lat' dir='ltr'>facit.</span> <span class='ocrx_word' id='word_1_232' title='bbox 467 3279 529 3364; x_wconf 87' lang='lat' dir='ltr'>Hi</span> <span class='ocrx_word' id='word_1_233' title='bbox 554 3289 702 3366; x_wconf 87' lang='lat' dir='ltr'>autem</span> <span class='ocrx_word' id='word_1_234' title='bbox 727 3280 804 3385; x_wconf 92' lang='lat' dir='ltr'>qui</span> <span class='ocrx_word' id='word_1_235' title='bbox 822 3280 1001 3364; x_wconf 85' lang='lat' dir='ltr'>minima</span> <span class='ocrx_word' id='word_1_236' title='bbox 1106 3283 1156 3386; x_wconf 60' lang='lat' dir='ltr'>K.</span> <span class='ocrx_word' id='word_1_237' title='bbox 1181 3279 1234 3362; x_wconf 95' lang='lat' dir='ltr'>In</span> <span class='ocrx_word' id='word_1_238' title='bbox 1251 3283 1454 3387; x_wconf 87' lang='lat' dir='ltr'>tempore</span> <span class='ocrx_word' id='word_1_239' title='bbox 1470 3282 1560 3368; x_wconf 91' lang='lat' dir='ltr'>illo.</span> 
     </span>
     <span class='ocr_line' id='line_1_26' title="bbox 162 3391 1670 3514; baseline 0.001 -40"><span class='ocrx_word' id='word_1_240' title='bbox 162 3392 384 3494; x_wconf 64' lang='lat' dir='ltr'>nfinfialit,</span> <span class='ocrx_word' id='word_1_241' title='bbox 406 3391 593 3496; x_wconf 72' lang='lat' dir='ltr'>Angelit&#39;</span> <span class='ocrx_word' id='word_1_242' title='bbox 608 3393 684 3498; x_wconf 77' lang='lat' dir='ltr'>qui</span> <span class='ocrx_word' id='word_1_243' title='bbox 701 3417 810 3478; x_wconf 70' lang='lat' dir='ltr'>VGI‘O</span> <span class='ocrx_word' id='word_1_244' title='bbox 829 3417 1001 3477; x_wconf 80' lang='lat' dir='ltr'>Sllmma</span> <span class='ocrx_word' id='word_1_245' title='bbox 1270 3435 1319 3514; x_wconf 77' lang='lat' dir='ltr'>In</span> <span class='ocrx_word' id='word_1_246' title='bbox 1346 3435 1418 3514; x_wconf 46' lang='lat' dir='ltr'>m·</span> <span class='ocrx_word' id='word_1_247' title='bbox 1446 3435 1670 3514; x_wconf 48' lang='lat' dir='ltr'>Nocturna</span> 
     </span>
     <span class='ocr_line' id='line_1_27' title="bbox 163 3503 1742 3608; baseline 0.004 -22"><span class='ocrx_word' id='word_1_248' title='bbox 163 3503 442 3607; x_wconf 82' lang='lat' dir='ltr'>anndntiant,</span> <span class='ocrx_word' id='word_1_249' title='bbox 474 3503 744 3608; x_wconf 68' lang='lat' dir='ltr'>Archangeli</span> <span class='ocrx_word' id='word_1_250' title='bbox 774 3509 1000 3590; x_wconf 74' lang='lat' dir='ltr'>vocentur.</span> <span class='ocrx_word' id='word_1_251' title='bbox 1102 3575 1111 3594; x_wconf 87' lang='lat'><em>.</em></span> <span class='ocrx_word' id='word_1_252' title='bbox 1166 3573 1175 3591; x_wconf 94' lang='lat'><strong>.</strong></span> <span class='ocrx_word' id='word_1_253' title='bbox 1363 3573 1373 3593; x_wconf 90' lang='lat'><strong>.</strong></span> <span class='ocrx_word' id='word_1_254' title='bbox 1593 3574 1617 3593; x_wconf 93' lang='lat'>..</span> <span class='ocrx_word' id='word_1_255' title='bbox 1732 3579 1742 3602; x_wconf 83' lang='lat'><em>,</em></span> 
     </span>
     <span class='ocr_line' id='line_1_28' title="bbox 162 3571 1888 3725; baseline 0.007 -25"><span class='ocrx_word' id='word_1_256' title='bbox 162 3616 283 3704; x_wconf 88' lang='lat' dir='ltr'>Hinc</span> <span class='ocrx_word' id='word_1_257' title='bbox 318 3625 387 3702; x_wconf 86' lang='lat' dir='ltr'>est</span> <span class='ocrx_word' id='word_1_258' title='bbox 423 3617 557 3703; x_wconf 87' lang='lat' dir='ltr'>enim·</span> <span class='ocrx_word' id='word_1_259' title='bbox 573 3616 696 3725; x_wconf 92' lang='lat' dir='ltr'>quod</span> <span class='ocrx_word' id='word_1_260' title='bbox 727 3616 786 3703; x_wconf 82' lang='lat' dir='ltr'>ad</span> <span class='ocrx_word' id='word_1_261' title='bbox 816 3617 1001 3702; x_wconf 87' lang='lat' dir='ltr'>Mariam</span> <span class='ocrx_word' id='word_1_262' title='bbox 1054 3571 1208 3658; x_wconf 62' lang='lat' dir='ltr'><strong>L⁰⁰t¹⁰</strong></span> <span class='ocrx_word' id='word_1_263' title='bbox 1233 3583 1375 3657; x_wconf 57' lang='lat' dir='ltr'><strong>samu</strong></span> <span class='ocrx_word' id='word_1_264' title='bbox 1393 3573 1620 3712; x_wconf 52' lang='lat' dir='ltr'>Emgelfl</span> <span class='ocrx_word' id='word_1_265' title='bbox 1644 3575 1888 3660; x_wconf 60' lang='lat' dir='ltr'>secundum</span> 
     </span>
     <span class='ocr_line' id='line_1_29' title="bbox 163 3685 1610 3836; baseline 0.001 -24"><span class='ocrx_word' id='word_1_266' title='bbox 163 3728 394 3833; x_wconf 86' lang='lat' dir='ltr'>Virginem</span> <span class='ocrx_word' id='word_1_267' title='bbox 402 3754 493 3815; x_wconf 91' lang='lat' dir='ltr'>non</span> <span class='ocrx_word' id='word_1_268' title='bbox 503 3729 689 3836; x_wconf 87' lang='lat' dir='ltr'>quilibet</span> <span class='ocrx_word' id='word_1_269' title='bbox 697 3729 907 3834; x_wconf 83' lang='lat' dir='ltr'>Angelus,</span> <span class='ocrx_word' id='word_1_270' title='bbox 921 3729 1001 3814; x_wconf 90' lang='lat' dir='ltr'>sed</span> <span class='ocrx_word' id='word_1_271' title='bbox 1245 3814 1253 3830; x_wconf 74' lang='grc'><em>,</em></span> <span class='ocrx_word' id='word_1_272' title='bbox 1335 3685 1610 3830; x_wconf 55' lang='lat' dir='ltr'>‚Matthaeum‘</span> 
     </span>
     <span class='ocr_line' id='line_1_30' title="bbox 165 3813 1866 3950; baseline 0 -22"><span class='ocrx_word' id='word_1_273' title='bbox 165 3841 350 3928; x_wconf 64' lang='lat' dir='ltr'>Gesner</span> <span class='ocrx_word' id='word_1_274' title='bbox 368 3841 675 3946; x_wconf 72' lang='lat' dir='ltr'>messngerus</span> <span class='ocrx_word' id='word_1_275' title='bbox 692 3842 892 3928; x_wconf 70' lang='lat' dir='ltr'>mutim.</span> <span class='ocrx_word' id='word_1_276' title='bbox 927 3840 1002 3928; x_wconf 78' lang='lat' dir='ltr'>nd</span> <span class='ocrx_word' id='word_1_277' title='bbox 1133 3813 1286 3944; x_wconf 40' lang='lat'>&amp;0110</span> <span class='ocrx_word' id='word_1_278' title='bbox 1304 3841 1373 3895; x_wconf 68' lang='lat' dir='ltr'>vu·</span> <span class='ocrx_word' id='word_1_279' title='bbox 1630 3815 1733 3916; x_wconf 66' lang='lat' dir='ltr'>Can·</span> <span class='ocrx_word' id='word_1_280' title='bbox 1749 3817 1866 3950; x_wconf 59' lang='lat'>¹8,</span> 
     </span>
     <span class='ocr_line' id='line_1_31' title="bbox 163 3926 1885 4062; baseline 0.002 -50"><span class='ocrx_word' id='word_1_281' title='bbox 163 3955 252 4041; x_wconf 75' lang='lat' dir='ltr'>hoc</span> <span class='ocrx_word' id='word_1_282' title='bbox 272 3955 437 4062; x_wconf 72' lang='lat' dir='ltr'>quippe</span> <span class='ocrx_word' id='word_1_283' title='bbox 454 3954 760 4058; x_wconf 58' lang='lat' dir='ltr'>ministerium,</span> <span class='ocrx_word' id='word_1_284' title='bbox 783 3980 1002 4040; x_wconf 69' lang='lat' dir='ltr'><strong>summum</strong></span> <span class='ocrx_word' id='word_1_285' title='bbox 1100 3953 1129 4011; x_wconf 84' lang='grc' dir='ltr'>Π</span> <span class='ocrx_word' id='word_1_286' title='bbox 1152 3926 1230 4012; x_wconf 80' lang='grc' dir='ltr'>1Πο</span> <span class='ocrx_word' id='word_1_287' title='bbox 1254 3930 1473 4034; x_wconf 57' lang='lat' dir='ltr'>tempore:</span> <span class='ocrx_word' id='word_1_288' title='bbox 1499 3926 1799 4015; x_wconf 60' lang='lat' dir='ltr'>Acoeflserunt</span> <span class='ocrx_word' id='word_1_289' title='bbox 1823 3928 1885 4015; x_wconf 81' lang='lat' dir='ltr'>dl·</span> 
     </span>
     <span class='ocr_line' id='line_1_32' title="bbox 164 4037 1886 4174; baseline -0.003 -22"><span class='ocrx_word' id='word_1_290' title='bbox 164 4067 384 4172; x_wconf 84' lang='lat' dir='ltr'>Angelum</span> <span class='ocrx_word' id='word_1_291' title='bbox 395 4071 546 4154; x_wconf 88' lang='lat' dir='ltr'>venire</span> <span class='ocrx_word' id='word_1_292' title='bbox 560 4067 742 4174; x_wconf 82' lang='lat' dir='ltr'>dignum</span> <span class='ocrx_word' id='word_1_293' title='bbox 755 4069 910 4171; x_wconf 79' lang='lat' dir='ltr'>fieret,</span> <span class='ocrx_word' id='word_1_294' title='bbox 927 4067 1002 4174; x_wconf 89' lang='lat' dir='ltr'>qui</span> <span class='ocrx_word' id='word_1_295' title='bbox 1118 4037 1349 4172; x_wconf 61' lang='lat' dir='ltr'>Sespulifld</span> <span class='ocrx_word' id='word_1_296' title='bbox 1362 4040 1388 4124; x_wconf 76' lang='lat' dir='ltr'>J</span> <span class='ocrx_word' id='word_1_297' title='bbox 1389 4065 1525 4171; x_wconf 65' lang='lat' dir='ltr'><strong>0⁸!1m2</strong></span> <span class='ocrx_word' id='word_1_298' title='bbox 1539 4038 1752 4128; x_wconf 45' lang='lat' dir='ltr'>dicent&amp;</span> <span class='ocrx_word' id='word_1_299' title='bbox 1766 4043 1886 4146; x_wconf 65' lang='lat' dir='ltr'>Qffl&#39;fl,</span> 
     </span>
     <span class='ocr_line' id='line_1_33' title="bbox 165 4151 1886 4283; baseline -0.001 -46"><span class='ocrx_word' id='word_1_300' title='bbox 165 4207 387 4265; x_wconf 64' lang='lat' dir='ltr'><strong>summum</strong></span> <span class='ocrx_word' id='word_1_301' title='bbox 410 4181 606 4266; x_wconf 49' lang='lat' dir='ltr'><strong>omnium</strong></span> <span class='ocrx_word' id='word_1_302' title='bbox 630 4179 873 4267; x_wconf 54' lang='lat' dir='ltr'>nuntiabat,</span> <span class='ocrx_word' id='word_1_303' title='bbox 916 4181 1002 4283; x_wconf 72' lang='lat' dir='ltr'>Qui</span> <span class='ocrx_word' id='word_1_304' title='bbox 1052 4162 1347 4283; x_wconf 25' lang='lat' dir='ltr'>putasumajor</span> <span class='ocrx_word' id='word_1_305' title='bbox 1362 4151 1886 4258; x_wconf 81' lang='lat' dir='ltr'>estmregnocoelerum?</span> 
     </span>
     <span class='ocr_line' id='line_1_34' title="bbox 162 4263 1308 4399; baseline -0.003 -23"><span class='ocrx_word' id='word_1_306' title='bbox 162 4291 334 4378; x_wconf 85' lang='lat' dir='ltr'>idcirco</span> <span class='ocrx_word' id='word_1_307' title='bbox 365 4292 498 4378; x_wconf 84' lang='lat' dir='ltr'>etiam</span> <span class='ocrx_word' id='word_1_308' title='bbox 532 4292 716 4399; x_wconf 75' lang='lat' dir='ltr'>privetis</span> <span class='ocrx_word' id='word_1_309' title='bbox 749 4290 1001 4378; x_wconf 90' lang='lat' dir='ltr'>nominibus</span> <span class='ocrx_word' id='word_1_310' title='bbox 1052 4265 1111 4351; x_wconf 69' lang='grc' dir='ltr'>Εἴ</span> <span class='ocrx_word' id='word_1_311' title='bbox 1127 4263 1308 4372; x_wconf 86' lang='lat' dir='ltr'>requua.</span> 
     </span>
     <span class='ocr_line' id='line_1_35' title="bbox 163 4402 1781 4512; baseline -0.002 -21"><span class='ocrx_word' id='word_1_312' title='bbox 163 4409 417 4509; x_wconf 79' lang='lat' dir='ltr'>censentur,</span> <span class='ocrx_word' id='word_1_313' title='bbox 449 4415 501 4490; x_wconf 90' lang='lat' dir='ltr'>ut</span> <span class='ocrx_word' id='word_1_314' title='bbox 531 4405 727 4510; x_wconf 76' lang='lat' dir='ltr'>signetur</span> <span class='ocrx_word' id='word_1_315' title='bbox 757 4429 840 4512; x_wconf 92' lang='lat' dir='ltr'>per</span> <span class='ocrx_word' id='word_1_316' title='bbox 871 4408 1000 4489; x_wconf 76' lang='lat' dir='ltr'>voce·</span> <span class='ocrx_word' id='word_1_317' title='bbox 1152 4402 1343 4489; x_wconf 86' lang='lat' dir='ltr'>Homilia</span> <span class='ocrx_word' id='word_1_318' title='bbox 1363 4405 1505 4492; x_wconf 87' lang='lat' dir='ltr'>sancti</span> <span class='ocrx_word' id='word_1_319' title='bbox 1520 4405 1781 4512; x_wconf 81' lang='lat' dir='ltr'>Hierenymi</span> 
     </span>
     <span class='ocr_line' id='line_1_36' title="bbox 163 4514 1601 4625; baseline -0.002 -20"><span class='ocrx_word' id='word_1_320' title='bbox 163 4517 281 4618; x_wconf 87' lang='lat' dir='ltr'>bula,</span> <span class='ocrx_word' id='word_1_321' title='bbox 304 4519 437 4604; x_wconf 85' lang='lat' dir='ltr'>etiam</span> <span class='ocrx_word' id='word_1_322' title='bbox 454 4517 500 4602; x_wconf 92' lang='lat' dir='ltr'>in</span> <span class='ocrx_word' id='word_1_323' title='bbox 523 4516 784 4624; x_wconf 79' lang='lat' dir='ltr'>o&#39;peratidne</span> <span class='ocrx_word' id='word_1_324' title='bbox 802 4514 909 4623; x_wconf 93' lang='lat' dir='ltr'>quid</span> <span class='ocrx_word' id='word_1_325' title='bbox 927 4520 999 4602; x_wconf 77' lang='lat' dir='ltr'>ve·</span> <span class='ocrx_word' id='word_1_326' title='bbox 1219 4607 1226 4620; x_wconf 73' lang='grc'>,</span> <span class='ocrx_word' id='word_1_327' title='bbox 1337 4517 1601 4625; x_wconf 67' lang='lat' dir='ltr'>Presbyteri.</span> 
     </span>
     <span class='ocr_line' id='line_1_37' title="bbox 162 4629 1825 4738; baseline -0.002 -22"><span class='ocrx_word' id='word_1_328' title='bbox 162 4631 295 4716; x_wconf 70' lang='lat' dir='ltr'>leant</span> <span class='ocrx_word' id='word_1_329' title='bbox 347 4629 537 4716; x_wconf 67' lang='lat' dir='ltr'>Michadl</span> <span class='ocrx_word' id='word_1_330' title='bbox 567 4654 778 4738; x_wconf 79' lang='lat' dir='ltr'>namque,</span> <span class='ocrx_word' id='word_1_331' title='bbox 811 4629 920 4734; x_wconf 80' lang='lat' dir='ltr'>Quis</span> <span class='ocrx_word' id='word_1_332' title='bbox 949 4638 1001 4714; x_wconf 82' lang='lat' dir='ltr'>ut</span> <span class='ocrx_word' id='word_1_333' title='bbox 1111 4641 1193 4710; x_wconf 91' lang='lat' dir='ltr'>Lib.</span> <span class='ocrx_word' id='word_1_334' title='bbox 1217 4643 1247 4712; x_wconf 80' lang='lat'>3.</span> <span class='ocrx_word' id='word_1_335' title='bbox 1273 4643 1417 4712; x_wconf 88' lang='lat' dir='ltr'>Comm.</span> <span class='ocrx_word' id='word_1_336' title='bbox 1443 4643 1482 4712; x_wconf 89' lang='lat' dir='ltr'>in</span> <span class='ocrx_word' id='word_1_337' title='bbox 1506 4663 1589 4732; x_wconf 84' lang='lat' dir='ltr'>cap.</span> <span class='ocrx_word' id='word_1_338' title='bbox 1617 4645 1668 4712; x_wconf 87' lang='grc'>18.</span> <span class='ocrx_word' id='word_1_339' title='bbox 1693 4645 1825 4713; x_wconf 84' lang='lat' dir='ltr'>Matth.</span> 
     </span>
     <span class='ocr_line' id='line_1_38' title="bbox 162 4739 1886 4849; baseline -0.002 -19"><span class='ocrx_word' id='word_1_340' title='bbox 162 4739 311 4830; x_wconf 80' lang='lat' dir='ltr'>Deus?</span> <span class='ocrx_word' id='word_1_341' title='bbox 358 4741 540 4830; x_wconf 74' lang='lat' dir='ltr'>Gdbriel</span> <span class='ocrx_word' id='word_1_342' title='bbox 566 4753 733 4846; x_wconf 86' lang='lat' dir='ltr'>autem,</span> <span class='ocrx_word' id='word_1_343' title='bbox 760 4741 1000 4830; x_wconf 83' lang='lat' dir='ltr'>Fortitr&#39;rdo</span> <span class='ocrx_word' id='word_1_344' title='bbox 1103 4816 1105 4819; x_wconf 61' lang='grc'>,</span> <span class='ocrx_word' id='word_1_345' title='bbox 1167 4751 1239 4831; x_wconf 89' lang='lat' dir='ltr'>ost</span> <span class='ocrx_word' id='word_1_346' title='bbox 1266 4743 1493 4830; x_wconf 87' lang='lat' dir='ltr'>inventum</span> <span class='ocrx_word' id='word_1_347' title='bbox 1520 4748 1748 4840; x_wconf 88' lang='lat' dir='ltr'>staterem,</span> <span class='ocrx_word' id='word_1_348' title='bbox 1779 4751 1886 4849; x_wconf 89' lang='lat' dir='ltr'>post</span> 
     </span>
     <span class='ocr_line' id='line_1_39' title="bbox 162 4852 1143 4969; baseline 0 -29"><span class='ocrx_word' id='word_1_349' title='bbox 162 4856 266 4942; x_wconf 86' lang='lat' dir='ltr'>Dei:</span> <span class='ocrx_word' id='word_1_350' title='bbox 297 4856 501 4963; x_wconf 77' lang='lat' dir='ltr'>Rephael</span> <span class='ocrx_word' id='word_1_351' title='bbox 532 4882 640 4942; x_wconf 90' lang='lat' dir='ltr'>vero</span> <span class='ocrx_word' id='word_1_352' title='bbox 672 4856 832 4943; x_wconf 90' lang='lat' dir='ltr'>dicitur</span> <span class='ocrx_word' id='word_1_353' title='bbox 863 4852 999 4940; x_wconf 89' lang='lat' dir='ltr'>Medi·</span> <span class='ocrx_word' id='word_1_354' title='bbox 1102 4948 1109 4963; x_wconf 21' lang='lat' dir='ltr'>x</span> <span class='ocrx_word' id='word_1_355' title='bbox 1140 4966 1143 4969; x_wconf 6' lang='lat' dir='ltr'>x</span> 
     </span>
     <span class='ocr_line' id='line_1_40' title="bbox 162 4966 1909 5075; baseline -0.001 -22"><span class='ocrx_word' id='word_1_356' title='bbox 162 4973 264 5053; x_wconf 86' lang='lat' dir='ltr'>cina</span> <span class='ocrx_word' id='word_1_357' title='bbox 279 4966 376 5054; x_wconf 90' lang='lat' dir='ltr'>Dei.</span> <span class='ocrx_word' id='word_1_358' title='bbox 1112 4970 1123 4985; x_wconf 57' lang='lat'><strong>⁹</strong></span> <span class='ocrx_word' id='word_1_359' title='bbox 1183 4967 1909 5075; x_wconf 85' lang='lat' dir='ltr'>Apostoldrumrepentinainter·.</span> 
     </span>
     <span class='ocr_line' id='line_1_41' title="bbox 219 5077 1885 5188; baseline 0.001 -25"><span class='ocrx_word' id='word_1_360' title='bbox 219 5077 270 5179; x_wconf 68' lang='lat' dir='ltr'>Ru</span> <span class='ocrx_word' id='word_1_361' title='bbox 294 5079 431 5168; x_wconf 88' lang='lat' dir='ltr'>Venit</span> <span class='ocrx_word' id='word_1_362' title='bbox 447 5080 648 5166; x_wconf 82' lang='lat' dir='ltr'>Michael.</span> <span class='ocrx_word' id='word_1_363' title='bbox 1051 5081 1243 5186; x_wconf 68' lang='lat' dir='ltr'>rogetis,</span> <span class='ocrx_word' id='word_1_364' title='bbox 1269 5081 1395 5184; x_wconf 89' lang='lat' dir='ltr'>Quis,</span> <span class='ocrx_word' id='word_1_365' title='bbox 1417 5089 1566 5188; x_wconf 85' lang='lat' dir='ltr'>putas,</span> <span class='ocrx_word' id='word_1_366' title='bbox 1589 5081 1729 5186; x_wconf 83' lang='lat' dir='ltr'>major</span> <span class='ocrx_word' id='word_1_367' title='bbox 1754 5080 1885 5165; x_wconf 88' lang='lat' dir='ltr'>estin</span> 
     </span>
     <span class='ocr_line' id='line_1_42' title="bbox 468 5188 1884 5298; baseline 0.004 -28"><span class='ocrx_word' id='word_1_368' title='bbox 468 5188 621 5272; x_wconf 83' lang='lat' dir='ltr'>Lectio</span> <span class='ocrx_word' id='word_1_369' title='bbox 641 5188 695 5270; x_wconf 85' lang='lat' dir='ltr'>vi.</span> <span class='ocrx_word' id='word_1_370' title='bbox 1050 5218 1188 5298; x_wconf 83' lang='lat' dir='ltr'>regno</span> <span class='ocrx_word' id='word_1_371' title='bbox 1203 5191 1441 5284; x_wconf 80' lang='lat' dir='ltr'>coelerum?</span> <span class='ocrx_word' id='word_1_372' title='bbox 1460 5193 1572 5297; x_wconf 87' lang='lat' dir='ltr'>Quia</span> <span class='ocrx_word' id='word_1_373' title='bbox 1586 5192 1786 5278; x_wconf 86' lang='lat' dir='ltr'>viderant</span> <span class='ocrx_word' id='word_1_374' title='bbox 1800 5217 1884 5298; x_wconf 92' lang='lat' dir='ltr'>pro</span> 
     </span>
     <span class='ocr_line' id='line_1_43' title="bbox 249 5302 1885 5412; baseline -0.002 -20"><span class='ocrx_word' id='word_1_375' title='bbox 249 5307 468 5412; x_wconf 86' lang='lat' dir='ltr'>tqudties</span> <span class='ocrx_word' id='word_1_376' title='bbox 494 5306 618 5390; x_wconf 89' lang='lat' dir='ltr'>mirae</span> <span class='ocrx_word' id='word_1_377' title='bbox 637 5306 811 5392; x_wconf 81' lang='lat' dir='ltr'>virtutis</span> <span class='ocrx_word' id='word_1_378' title='bbox 830 5304 1000 5410; x_wconf 77' lang='lat' dir='ltr'>eliquid</span> <span class='ocrx_word' id='word_1_379' title='bbox 1049 5308 1184 5394; x_wconf 88' lang='lat' dir='ltr'>Petro</span> <span class='ocrx_word' id='word_1_380' title='bbox 1221 5315 1266 5392; x_wconf 92' lang='lat' dir='ltr'>et</span> <span class='ocrx_word' id='word_1_381' title='bbox 1297 5306 1491 5394; x_wconf 79' lang='lat' dir='ltr'>Demino</span> <span class='ocrx_word' id='word_1_382' title='bbox 1521 5304 1639 5392; x_wconf 85' lang='lat' dir='ltr'>idem</span> <span class='ocrx_word' id='word_1_383' title='bbox 1671 5302 1885 5390; x_wconf 81' lang='lat' dir='ltr'>tributum</span> 
     </span>
     <span class='ocr_line' id='line_1_44' title="bbox 277 5416 1882 5526; baseline -0.001 -24"><span class='ocrx_word' id='word_1_384' title='bbox 277 5419 432 5522; x_wconf 78' lang='lat' dir='ltr'>egitur,</span> <span class='ocrx_word' id='word_1_385' title='bbox 453 5417 643 5504; x_wconf 87' lang='lat' dir='ltr'>Michael</span> <span class='ocrx_word' id='word_1_386' title='bbox 664 5418 781 5505; x_wconf 87' lang='lat' dir='ltr'>mitti</span> <span class='ocrx_word' id='word_1_387' title='bbox 796 5416 997 5526; x_wconf 88' lang='lat' dir='ltr'>perhibe·</span> <span class='ocrx_word' id='word_1_388' title='bbox 1049 5417 1288 5520; x_wconf 87' lang='lat' dir='ltr'>redditum,</span> <span class='ocrx_word' id='word_1_389' title='bbox 1312 5444 1377 5504; x_wconf 85' lang='lat' dir='ltr'>ex.</span> <span class='ocrx_word' id='word_1_390' title='bbox 1392 5417 1647 5525; x_wconf 77' lang='lat' dir='ltr'>aequalitete</span> <span class='ocrx_word' id='word_1_391' title='bbox 1668 5417 1800 5523; x_wconf 88' lang='lat' dir='ltr'>pretii</span> <span class='ocrx_word' id='word_1_392' title='bbox 1817 5441 1882 5501; x_wconf 89' lang='lat' dir='ltr'>ar-</span> 
     </span>
     <span class='ocr_line' id='line_1_45' title="bbox 160 5529 1889 5650; baseline -0.001 -32"><span class='ocrx_word' id='word_1_393' title='bbox 160 5543 252 5618; x_wconf 89' lang='lat' dir='ltr'>tur:</span> <span class='ocrx_word' id='word_1_394' title='bbox 274 5540 326 5618; x_wconf 92' lang='lat' dir='ltr'>ut</span> <span class='ocrx_word' id='word_1_395' title='bbox 348 5557 406 5617; x_wconf 86' lang='lat' dir='ltr'>ex</span> <span class='ocrx_word' id='word_1_396' title='bbox 421 5531 522 5638; x_wconf 90' lang='lat' dir='ltr'>ipso</span> <span class='ocrx_word' id='word_1_397' title='bbox 546 5541 650 5618; x_wconf 88' lang='lat' dir='ltr'>actu</span> <span class='ocrx_word' id='word_1_398' title='bbox 668 5541 715 5618; x_wconf 87' lang='lat' dir='ltr'>et</span> <span class='ocrx_word' id='word_1_399' title='bbox 730 5533 907 5618; x_wconf 81' lang='lat' dir='ltr'>nemine</span> <span class='ocrx_word' id='word_1_400' title='bbox 925 5529 998 5616; x_wconf 90' lang='lat' dir='ltr'>de·</span> <span class='ocrx_word' id='word_1_401' title='bbox 1029 5529 1203 5644; x_wconf 14' lang='lat' dir='ltr'>&#39;bituiti</span> <span class='ocrx_word' id='word_1_402' title='bbox 1220 5542 1323 5618; x_wconf 84' lang='lat' dir='ltr'>sunt</span> <span class='ocrx_word' id='word_1_403' title='bbox 1338 5532 1519 5620; x_wconf 89' lang='lat' dir='ltr'>Petrum</span> <span class='ocrx_word' id='word_1_404' title='bbox 1542 5530 1745 5616; x_wconf 87' lang='lat' dir='ltr'>dmnibus</span> <span class='ocrx_word' id='word_1_405' title='bbox 1763 5529 1889 5650; x_wconf 30' lang='lat' dir='ltr'>Ape·</span> 
     </span>
    </p>
   </div>
   <div class='ocr_carea' id='block_1_5' title="bbox 1115 4853 1887 4969">
    <p class='ocr_par' dir='ltr' id='par_1_6' title="bbox 1115 4853 1887 4969">
     <span class='ocr_line' id='line_1_46' title="bbox 1115 4853 1887 4969; baseline -0.005 -25"><span class='ocrx_word' id='word_1_406' title='bbox 1115 4892 1151 4969; x_wconf 49' lang='lat' dir='ltr'>p·</span> <span class='ocrx_word' id='word_1_407' title='bbox 1183 4854 1350 4943; x_wconf 80' lang='lat' dir='ltr'>tributa</span> <span class='ocrx_word' id='word_1_408' title='bbox 1363 4855 1548 4958; x_wconf 86' lang='lat' dir='ltr'>reddita,</span> <span class='ocrx_word' id='word_1_409' title='bbox 1568 4853 1675 4963; x_wconf 91' lang='lat' dir='ltr'>quid</span> <span class='ocrx_word' id='word_1_410' title='bbox 1693 4855 1778 4942; x_wconf 91' lang='lat' dir='ltr'>sibi</span> <span class='ocrx_word' id='word_1_411' title='bbox 1791 4854 1887 4940; x_wconf 86' lang='lat' dir='ltr'>vult</span> 
     </span>
    </p>
   </div>
   <div class='ocr_carea' id='block_1_6' title="bbox 0 0 2182 6180">
    <p class='ocr_par' dir='ltr' id='par_1_7' title="bbox 0 0 2182 6180">
     <span class='ocr_line' id='line_1_47' title="bbox 0 0 2182 6180; baseline 0 0"><span class='ocrx_word' id='word_1_412' title='bbox 0 0 2182 6180; x_wconf 95' lang='lat' dir='ltr'> </span> 
     </span>
    </p>
   </div>
  </div>
 </body>
</html>
