4322 6182
299 505 372 578 28*
664 506 867 575 Dominica
891 507 918 576 l.
942 507 1043 594 lloji.
1089 503 1373 580 Translationis
1399 509 1433 580 S.
1459 509 1482 578 J
1486 511 1645 580 anuarii.

357 688 406 792 lt.
433 701 520 785 Hic
537 712 606 787 est
629 699 704 807 qui
728 699 914 785 multum
932 707 1030 783 orat
1047 723 1130 805 pro
1181 725 1254 801 ne,
1279 725 1332 785 ac
1354 726 1435 808 spe
1459 700 1695 787 frustratus
1712 699 1866 788 urbem
1886 727 2009 787 occu·

301 813 488 921 populo,
521 812 703 920 alleluja.
760 815 811 919 ll.
835 813 893 898 Et
928 812 1131 897 universa
1182 811 1338 920 pandi,
1369 813 1415 898 id
1442 813 1598 900 saltem
1634 813 1781 900 solatii
1807 813 1910 900 loco
1940 812 2009 898 ha·

301 939 453 1013 sancta
480 929 669 1030 civitate,
696 926 880 1032 alleluja.
1182 924 1345 1029 buerit,
1385 936 1434 1012 ut
1468 927 1582 1013 inter
1619 927 1704 1013 alia
1737 927 2011 1035 pretiosiora,

603 1049 755 1132 Lectio
775 1051 828 1132 iv.
1184 1065 1284 1145 quae
1308 1038 1511 1148 abripere
1535 1041 1674 1143 licuit,
1698 1039 1808 1126 illud
1829 1042 1902 1128 vel
1925 1046 2011 1126 ma·

312 1188 322 1205 -’
336 1186 424 1359 ἢ
432 1181 490 1241 uo
509 1157 711 1262 tempore
727 1151 1007 1238 beatissimus
1019 1152 1131 1283 Pon:
1182 1153 1302 1292 xime
1338 1153 1582 1286 pretiosum
1627 1154 1806 1262 pignus,
1850 1178 2012 1262 corpus

329 1262 384 1367 ‘l
411 1288 424 1375 )
450 1268 559 1355 tifex
589 1267 823 1352 Ianuarius
855 1291 937 1372 pro
971 1263 1132 1350 Chnstr
1183 1265 1424 1352 beatrssrmr
1436 1266 1646 1352 Presulis
1665 1276 1709 1353 et
1722 1267 1931 1375 Martyris
1945 1268 1970 1351 J
1971 1294 2011 1351 a·

315 1386 387 1429 m
450 1381 727 1467 confessione
757 1377 951 1465 Puteolis
987 1378 1131 1485 capite
1183 1379 1322 1464 nuarii
1345 1405 1369 1465 e
1393 1406 1473 1484 sua
1490 1380 1673 1467 basilica
1696 1405 1777 1489 per
1798 1381 1889 1467 vim
1913 1379 2011 1466 sub·

301 1497 459 1605 plexus
483 1505 566 1597 est,
591 1491 854 1579 venerabilis
879 1490 971 1598 ejus
990 1516 1131 1590 cruor,
1182 1492 1330 1594 latum,
1345 1493 1659 1596 Beneventum,
1674 1504 1818 1580 castra
1831 1519 2012 1579 movens

303 1635 434 1716 quem
451 1633 534 1717 pro
553 1605 802 1692 christianae
821 1605 927 1690 fidei
944 1605 1132 1690 veritate
1183 1612 1443 1715 asportaret.
1474 1606 1625 1692 Multis
1643 1633 1750 1693 vero
1768 1618 1872 1716 post
1889 1606 2012 1692 annis

301 1720 655 1809 constantissime
683 1719 874 1820 foderat,
900 1719 974 1827 pie
1001 1718 1130 1804 colle·
1184 1744 1236 1805 ea
1266 1746 1392 1806 sacra
1423 1718 1608 1828 lypsana
1644 1745 1670 1804 a
1699 1720 2013 1806 Beneventana

301 1846 416 1938 ctus,
443 1847 577 1942 atque
601 1834 646 1918 in
671 1831 843 1919 duabus
866 1833 1017 1918 vitreis
1043 1859 1129 1917 am·
1181 1833 1292 1920 urbe
1315 1833 1373 1920 ad
1396 1834 1711 1920 monasterium
1735 1833 1897 1922 Montis
1915 1834 2010 1919 Vir·

300 1949 431 2057 pullis
450 1947 703 2035 reconditus
723 1958 801 2033 est.
832 1947 994 2033 Postea
1012 1970 1130 2046 vero,
1182 1947 1309 2052 ginir,
1334 1973 1389 2033 ne
1412 1947 1469 2036 ab
1494 1948 1688 2034 exercitu
1710 1945 1923 2034 Friderici
1949 1973 2012 2032 se-

300 2089 412 2171 pace
426 2061 638 2148 Ecclesiae
657 2060 841 2162 reddita,
859 2062 1044 2145 Sanctus
1058 2061 1130 2144 Se·
1183 2060 1316 2146 candi
1334 2062 1613 2169 imperatoris
1630 2060 1916 2163 violarentur,
1940 2059 2012 2146 de·

299 2179 431 2261 verus
450 2175 771 2285 Neapolitanus
789 2175 1003 2274 Antiates,
1027 2171 1129 2258 aedi·
1181 2173 1288 2277 lata,
1314 2175 1376 2260 ibi
1399 2200 1570 2261 summo
1595 2171 1745 2260 studio
1771 2173 1853 2259 sub
1873 2173 2013 2260 altare

299 2289 431 2377 ficata
455 2290 539 2394 iam
563 2313 705 2396 prope
725 2286 963 2395 Neapolim
991 2287 1131 2372 sancti
1181 2289 1319 2394 majus
1343 2287 1459 2373 illius
1481 2288 1695 2374 Ecclesiae
1717 2287 1948 2374 recondita
1971 2299 2015 2374 et

298 2401 496 2488 ianuarii
540 2401 739 2502 basilica,
789 2400 1130 2486 sacratissimum
1183 2402 1404 2488 occultata
1426 2403 1558 2488 luere.
1597 2404 1660 2488 At
1681 2427 1789 2487 vero
1807 2401 2013 2510 Neapoli·

299 2516 506 2623 Martyris
530 2540 693 2622 corpus
716 2538 817 2598 cum
839 2538 997 2618 magna
1017 2511 1129 2597 Nea·
1181 2516 1289 2618 tani,
1322 2516 1396 2623 qui
1423 2517 1534 2602 tanti
1561 2515 1786 2623 Martyris,
1818 2516 2014 2600 concivis

299 2629 485 2735 politani
518 2627 624 2714 cleri
655 2627 898 2736 populique
929 2625 1129 2731 frequen·
1184 2653 1360 2737 quoque
1396 2629 1463 2714 sui
1494 2655 1547 2715 ac
1576 2630 1758 2715 Patroni
1788 2629 2015 2736 praecipui,

299 2742 376 2843 tia,
401 2743 455 2826 iis
477 2742 623 2843 etiam,
647 2740 803 2847 quide
825 2743 986 2846 genere
1009 2736 1129 2825 beati
1180 2745 1574 2850 praesentissimum
1592 2769 1645 2828 ac
1657 2745 1851 2850 perenne
1863 2753 2013 2850 patro·

299 2855 325 2939 J
327 2855 494 2939 anuarii
524 2866 668 2956 erant,
708 2851 1039 2953 comitantibus,
1076 2878 1131 2938 ex
1182 2856 1343 2940 oinium
1368 2857 1541 2964 experti
1566 2856 1755 2956 fuerant,
1783 2867 1917 2963 atque
1941 2881 2013 2940 ve·

299 2968 522 3053 Marciano
543 2967 780 3076 Neapolim
802 2965 1129 3070 religiosissime
1181 2969 1423 3054 nerandum
1452 2971 1593 3078 ipsius
1626 2980 1759 3076 caput
1787 2994 1875 3053 una
1912 2995 2013 3054 cum

299 3081 537 3183 transtulit3
552 3093 596 3168 et
610 3104 771 3188 corpus
787 3079 965 3186 quidem
979 3079 1129 3185 ineius
1181 3079 1439 3188 prodigioso
1471 3082 1684 3187 sanguine
1716 3106 1885 3167 summa
1916 3081 2013 3166 reli·

298 3193 481 3280 basilica
531 3192 738 3281 condidit.
798 3193 977 3278 Cruoris
1022 3216 1128 3278 vero
1180 3196 1310 3300 gione
1325 3195 1658 3298 venerabantur,
1673 3195 1889 3303 reliquum
1905 3220 2013 3301 quo·

299 3306 914 3533 ttoaeaalattat
930 3304 1130 3504 tlara
1181 3306 1916 3529 llio⁶lililiollliedd⁶¹¹dum
1947 3333 2012 3392 π’

298 3534 468 3621 illustre
517 3534 777 3619 miraculum
827 3482 1128 3639 spectantibus
1232 3537 1283 3640 lo.
1308 3537 1360 3620 In
1384 3563 1463 3622 sua
1486 3535 1765 3650 simplicitate
1789 3542 1813 3591 *
1831 3533 2011 3622 Libera·

300 3648 518 3736 exhibent.
544 3649 660 3734 Nam
681 3673 781 3732 cum
801 3673 824 3732 e
844 3645 1022 3749 regione
1041 3672 1128 3730 am·
1180 3655 1252 3732 tus
1289 3661 1357 3736 est
1387 3649 1442 3737 de
1479 3675 1558 3735 ore
1592 3650 1789 3751 leonum,
1825 3648 2012 3754 alleluja.

297 3762 441 3869 putati
465 3787 547 3870 pro
572 3761 748 3848 Christo
777 3759 934 3867 capitis
957 3763 1126 3867 pontin·
1180 3749 1231 3855 ll·
1257 3763 1453 3850 Paveant
1485 3788 1636 3848 omnes
1663 3761 1938 3847 habitatores
1965 3761 2011 3844 in

296 3887 381 3978 tur,
406 3901 536 3961 cruor
559 3872 865 3962 admirandum
882 3874 927 3956 in
945 3871 1128 3957 modum
1179 3875 1383 3960 universa
1401 3885 1519 3962 terra
1537 3877 1698 3960 Deum:
1721 3875 1818 3982 ipse
1837 3883 1905 3960 est
1928 3871 2012 3958 sal·

297 3987 604 4096 colliquefieri,
637 4001 682 4076 et
713 3987 913 4086 ebullire,
943 3984 1127 4094 perinde
1179 3990 1308 4073 vator
1342 3989 1507 4074 iaciens
1543 3989 1668 4094 signa
1705 3999 1749 4073 et
1783 3986 2011 4088 mirabilia,

297 4110 430 4207 atque
457 4128 611 4188 recens
639 4101 819 4203 effusus,
850 4098 908 4183 ad
934 4098 1031 4184 haec
1056 4124 1125 4183 us·
1179 4100 1254 4206 qui
1271 4101 1475 4188 liberavit
1493 4127 1671 4189 servum
1690 4125 1817 4186 suum
1834 4100 1891 4186 de
1910 4100 2011 4186 lacu
2054 4156 2059 4193 t

299 4239 384 4321 que
402 4218 605 4323 tempora
624 4215 824 4301 cernitur.
1178 4210 1366 4299 leonum.
1392 4214 1637 4302 Liberatus.

351 4330 402 4436 ll.
429 4329 587 4413 Manus
612 4328 792 4412 Domini
819 4328 937 4413 facta
963 4338 1031 4412 est
1058 4351 1126 4410 su·
1480 4335 1634 4419 Lectio
1654 4337 1706 4418 vi.

295 4467 375 4548 per
421 4466 596 4527 servum
641 4468 785 4545 suum;
831 4441 1126 4547 accinctisque
1264 4444 1390 4525 orum
1417 4441 1532 4527 votis
1559 4441 1700 4528 adfuit
1726 4440 2010 4528 clementissi·

295 4553 457 4640 lumbis
476 4554 680 4640 currebat
698 4564 799 4640 ante
817 4552 1001 4638 rhedam
1013 4556 1124 4661 prae·
1281 4581 1378 4639 mus
1391 4555 1532 4657 Deus3
1550 4581 1652 4640 nam
1672 4567 1771 4640 ctum
1789 4555 2010 4641 Oliverius

297 4667 423 4754 sidis:
453 4673 476 4720 *
506 4669 661 4755 Donec
692 4672 861 4754 veniret
893 4665 950 4750 ad
978 4665 1126 4750 locum
1179 4667 1422 4753 Cardinalis
1458 4667 1615 4753 Carasa
1660 4668 1715 4754 ab
1753 4667 2009 4754 Alexandro

295 4781 503 4981 erari
518 4777 1123 5002 tattaana·
1177 4779 1659 5000 terestrem

499 4961 507 4998 r
1115 4954 1125 4994 r
1993 4939 2007 4956 “

295 5007 499 5093 Domine:
518 5009 611 5095 sine
629 5008 860 5114 iniquitate
877 5004 1061 5106 cucorri
1080 5012 1125 5089 et
1177 5006 1329 5108 tiatus,
1354 5006 1548 5092 concivis
1574 5008 1656 5110 sui,
1682 5033 1734 5093 ac
1757 5011 2007 5115 praesentis·

298 5119 448 5205 direxi.
475 5122 642 5206 Donec.
1177 5119 1274 5204 simi
1304 5121 1485 5205 Patroni
1516 5147 1643 5207 sacra
1672 5121 1875 5228 ly'psana,
1908 5145 2008 5228 quae

606 5247 757 5332 Lectio
777 5278 815 5331 v,
1176 5233 1328 5338 paucis
1347 5243 1448 5319 ante
1468 5235 1592 5319 annis
1611 5233 1693 5321 sub
1712 5234 1850 5320 altare
1869 5235 2008 5340 majus

371 5347 529 5452 ontigit
555 5356 702 5432 autem
732 5344 896 5431 seculo
925 5369 1043 5430 nono
1076 5356 1125 5431 ut
1175 5345 1341 5431 Montis
1377 5346 1570 5452 Virginis
1610 5347 1784 5434 ioerant
1819 5346 2008 5448 inventa,

388 5461 629 5548 Beneventi
649 5459 739 5544 dux
752 5459 864 5559 sico,
881 5457 1024 5563 longa
1044 5454 1124 5543 sed
1175 5459 1331 5566 patriae
1356 5460 1628 5547 restituenda
1648 5460 1744 5547 fore
1767 5484 1919 5544 secum
1942 5485 2007 5544 re·

294 5574 431 5678 irrita,
457 5573 694 5683 Neapolim
721 5573 906 5658 cinxerit
931 5571 1123 5658 obsidio·
1175 5569 1358 5680 putavit.
1411 5573 1692 5682 Quapropter
1718 5572 2006 5684 Apostolicas
