4290 6188
709 560 713 568 .
823 494 937 564 Festa
961 494 1098 566 Martii.
1123 496 1178 594 (2.)

147 701 286 780 sexto.
325 687 398 775 Ab
421 688 599 772 ineunte
616 687 750 770 aettrte
769 709 858 769 non
877 684 975 770 obs·
1323 691 1476 774 Lectio
1498 694 1548 772 ri.

148 811 252 892 cura
288 801 479 913 praebuit
513 797 762 884 sanctitatis
795 798 976 902 indicia,
1031 793 1269 1008 Mirifice
1295 802 1427 886 etiam
1450 803 1495 887 in
1518 801 1696 890 beatam
1717 803 1859 907 Virgi-

144 927 338 1027 postque
374 919 556 1002 exectos
599 936 768 996 summa
810 913 977 1021 pietete
1141 938 1263 998 'nem
1288 915 1455 1023 pietate
1480 917 1701 1020 excelluit,
1729 927 1774 1003 et
1799 916 1859 1002 la·

146 1031 339 1140 pueriles
367 1053 505 1114 annos
528 1025 825 1131 virginitetem
852 1051 977 1110 suam
1030 1027 1266 1112 erimarum
1301 1026 1420 1115 dono
1457 1029 1622 1115 enituit.
1679 1029 1860 1135 Quibus,

145 1147 242 1233 Deo
269 1146 530 1231 consecrare
554 1140 761 1226 decrevit
800 1139 978 1226 Mertua
1030 1138 1215 1246 aliisque
1251 1141 1486 1229 virtutibus
1524 1141 1764 1246 fulgentem
1796 1142 1859 1230 di·

145 1269 304 1359 matre,
335 1256 450 1343 sorte
479 1253 625 1339 inimo
657 1252 819 1339 restitit
849 1252 977 1361 patri,
1029 1277 1162 1357 gnam
1191 1279 1297 1339 sane
1331 1259 1509 1343 soreres
1546 1257 1861 1360 existimarunt,

144 1371 353 1481 precibus
385 1378 519 1476 atque
548 1365 678 1450 minis
710 1364 855 1449 omnia
886 1376 977 1452 ten·
1031 1365 1101 1451 cui
1124 1369 1378 1454 monasterii
1407 1369 1601 1472 regimen
1630 1371 1767 1456 semel
1797 1380 1859 1458 at·

144 1487 273 1588 tenti,
304 1495 354 1572 ut
380 1509 478 1570 eam
509 1507 536 1566 a
562 1489 716 1566 sancto
742 1480 977 1588 propesito
1031 1505 1118 1585 que
1144 1485 1303 1566 iterum
1331 1487 1673 1586 committerent,
1699 1484 1742 1568 in
1771 1505 1860 1592 quo

144 1603 404 1688 removeret
453 1595 561 1682 Voti
585 1593 766 1681 tandem
792 1618 978 1703 compos
1032 1593 1211 1700 quidem
1229 1602 1411 1682 minere
1432 1605 1556 1682 tanta
1575 1597 1774 1701 caritate,
1798 1608 1860 1684 at·

145 1714 324 1816 effecta,
361 1708 586 1796 sexdecim
621 1731 759 1794 annos
795 1717 899 1793 nata
933 1708 978 1792 in
1032 1731 1117 1811 que
1136 1706 1381 1795 humilitate
1402 1735 1507 1813 erga
1526 1736 1680 1797 omnes
1699 1737 1749 1796 se
1766 1735 1874 1817 ges,

146 1825 413 1914 Bassanensi
424 1821 693 1909 monasterio
706 1819 872 1907 ordinis
883 1845 977 1906 san-
1030 1819 1103 1922 sit,
1124 1831 1174 1906 ut
1193 1823 1392 1929 quamvis
1411 1835 1551 1910 mater
1571 1835 1704 1927 esset,
1730 1837 1775 1912 et
1793 1850 1861 1911 so·

145 1941 203 2027 cti
221 1934 473 2038 Benedicti,
496 1934 791 2022 monasticum
808 1934 978 2021 institi·
1031 1939 1182 2021 rerum
1195 1941 1414 2042 magistra,
1434 1939 1629 2024 emnium
1647 1963 1696 2026 se
1714 1947 1861 2024 tamen

145 2066 237 2140 tum
261 2052 465 2160 professa
485 2058 574 2150 est,
600 2049 645 2132 in
671 2073 759 2155 quo
783 2048 977 2132 omnium
1031 2046 1233 2134 ancillam
1286 2049 1515 2139 exhiberet
1563 2065 1696 2162 atque
1740 2055 1862 2140 mini·

146 2191 192 2254 se
209 2167 424 2252 virtutum
442 2162 668 2270 exemplar
689 2161 895 2248 exhibuit.
1031 2172 1180 2248 stram.
1223 2163 1392 2250 Meritis
1415 2167 1597 2252 tandem
1620 2178 1755 2275 atque
1778 2167 1861 2252 vir·

198 2279 251 2384 lt.
274 2280 467 2387 Propter
484 2277 728 2363 veritatem.
1030 2277 1198 2364 tutibus
1223 2279 1460 2382 cumuleta,
1488 2290 1533 2368 et
1557 2283 1677 2368 omni
1699 2283 1862 2390 asperi·

459 2387 612 2474 Lectio
633 2417 671 2472 ν.
1029 2394 1173 2478 tetum
1190 2396 1351 2495 genere
1374 2395 1569 2480 crucieta
1589 2396 1636 2480 in
1659 2395 1861 2500 gravissi·

150 2494 362 2712 Corpus
380 2531 509 2591 suum
526 2503 647 2591 omni
658 2508 893 2610 poenirum
907 2507 978 2609 ge·
1030 2529 1152 2592 mum
1167 2505 1372 2593 morbum
1388 2507 1553 2611 incidit,
1572 2510 1618 2593 in
1635 2535 1725 2617 quo
1743 2535 1862 2596 acer·

254 2645 364 2708 nere
402 2620 448 2704 in
484 2620 742 2704 servitutem
776 2615 978 2722 redigere
1030 2619 1238 2707 bissimos
1261 2620 1441 2710 dolores
1464 2621 1568 2710 lorti
1593 2623 1739 2710 inimo
1763 2627 1860 2732 per·

146 2734 375 2836 studebat,
411 2733 584 2832 ciliciis,
616 2730 760 2816 ferreo
791 2732 978 2836 cingulo,
1031 2732 1142 2821 tulit.
1167 2734 1508 2838 Ingravescente
1526 2735 1687 2824 deinde
1703 2735 1861 2824 morbo

145 2849 403 2957 crebrisque
434 2845 621 2951 flagellis
651 2845 714 2931 ita
743 2845 789 2928 in
819 2869 868 2932 se
899 2849 977 2930 sae‘·
1031 2852 1210 2934 soreres
1246 2873 1348 2933 suas
1384 2848 1649 2937 saluteribus
1685 2851 1863 2936 menitis

146 2963 286 3064 viens,
307 2970 358 3054 ut
381 2986 503 3068 saepe
523 2959 732 3068 copiosus
751 2984 882 3046 cruor
900 2957 978 3045 dii·
1031 2961 1250 3064 instruxit,
1262 2962 1638 3070 sanctissimisque
1650 2963 1862 3051 Ecclesiae

145 3078 315 3163 flueret.
370 3075 539 3161 Praeter
577 3075 788 3159 consueta
822 3073 979 3180 jejunia
1030 3075 1323 3164 sacramentis
1356 3103 1507 3165 coram
1537 3077 1600 3164 eis
1633 3076 1862 3166 devotissi-

145 3191 296 3298 plures
317 3190 362 3274 in
384 3185 665 3275 hebddmada
686 3184 782 3272 dies
800 3211 890 3271 non
908 3212 977 3273 so·
1030 3217 1101 3278 me
1127 3192 1362 3299 susceptis,
1386 3194 1577 3278 enimam
1595 3192 1693 3278 Deo
1718 3191 1862 3279 reddi·

144 3302 234 3390 lum
273 3302 382 3403 vini,
417 3300 498 3388 sed
534 3310 578 3387 et
612 3300 741 3408 panis
777 3325 858 3386 usu
895 3300 979 3387 sibi
1032 3303 1097 3392 dit
1126 3304 1341 3390 Kalendis
1372 3305 1542 3392 Mertiis
1577 3323 1707 3392 anno
1727 3305 1861 3391 mille·

146 3416 382 3504 interdicto
418 3413 579 3501 vilibus
625 3413 734 3499 cibis
772 3417 979 3502 contenta
1031 3419 1144 3504 simo
1176 3419 1498 3506 sexcentesimo
1525 3419 1862 3527 septuagesimo,

146 3530 355 3632 ducebat,
387 3529 477 3614 imo
504 3553 588 3614 nec
615 3526 734 3613 sitim
763 3552 880 3634 aqua
907 3552 978 3612 ex·
1031 3532 1176 3618 aetetis
1187 3557 1280 3616 suae
1292 3533 1569 3637 sexagesimo
1583 3542 1752 3639 quarto.
1769 3531 1864 3619 Plri-

146 3650 370 3750 stinguere
410 3640 606 3728 curabat.
664 3641 707 3726 A
751 3641 978 3728 sororibus
1030 3645 1152 3732 ribus
1175 3645 1221 3729 in
1243 3645 1352 3747 vita,
1378 3657 1551 3754 etpost
1575 3656 1763 3732 mortem
1786 3647 1863 3730 mi·

146 3759 234 3843 suis
251 3757 475 3856 derelicta,
492 3755 740 3860 linguarum
757 3753 979 3839 mersibus
1029 3757 1191 3844 reculis
1210 3759 1385 3862 cleruit,
1411 3757 1571 3867 quibus
1593 3747 1676 3846 rit'e
1701 3758 1861 3868 probe·

147 3869 239 3960 dire
265 3871 446 3975 agitata,
469 3869 646 3955 invictae
670 3869 897 3975 patientiae
916 3879 977 3956 at·
1029 3871 1103 3975 tis,
1120 3872 1227 3957 Pius
1244 3873 1404 3961 Sextus
1421 3872 1627 3958 Pentilex
1643 3872 1862 3958 Maximus

147 4010 232 4093 que
249 3982 610 4092 profundissimae
632 3981 889 4071 humilitetis
907 4008 978 4068 ex·
1031 3985 1261 4074 beaterum
1276 3985 1479 4091 catalogo
1498 4011 1597 4072 eam
1614 3983 1861 4094 adscripsit.

148 4097 342 4208 emplum
376 4096 587 4206 praebuit:
631 4094 754 4202 quod
789 4096 979 4184 mexime
1081 4097 1132 4201 Rc
1159 4100 1410 4189 Afferentur
1428 4101 1552 4204 Regi.

149 4211 304 4298 enituit
321 4212 366 4296 in
389 4209 592 4318 pluribus
610 4207 796 4310 morbiS,
820 4208 979 4315 quibus
1083 4229 1129 4300 ln
1151 4227 1216 4298 [Π.
1237 4225 1437 4298 Nocturno
1462 4223 1635 4296 Humilia
1659 4223 1700 4296 in
1714 4223 1859 4314 Evang.

148 4321 980 4434 saepesae'piusvexdtafui13praecipue
1031 4327 1164 4402 Simile
1200 4328 1273 4401 erit
1309 4349 1351 4402 re
1405 4350 1471 4403 um
1503 4329 1691 4430 creldrnm
1727 4327 1862 4400 decern

148 4464 253 4525 vero
270 4438 317 4524 in
333 4435 532 4522 ischiade
548 4435 797 4537 toleranda,
817 4460 905 4544 qua
923 4434 981 4523 ad
1029 4425 1259 4538 virginibus.
1283 4419 1330 4488 de
1389 4437 1594 4536 ommuni..
1653 4521 1660 4534 ,

149 4562 337 4638 mortem
360 4575 501 4656 usque
525 4549 754 4636 laboravit·
795 4549 979 4635 castita,
1081 4527 1214 4632 Lectio
1233 4545 1282 4592 rx.
1302 4532 1339 4594 ct
1358 4543 1491 4594 comm.
1509 4523 1633 4594 Ferrae
1650 4543 1689 4592 m
1704 4519 1823 4592 Laud.

149 4674 238 4751 tem
262 4662 376 4751 edeo
396 4663 548 4763 cdluit,
571 4672 694 4749 utne
713 4662 868 4748 dctdos
889 4663 978 4770 qui·
1286 4680 1372 4766 Die
1389 4682 1428 4764 2,
1445 4677 1602 4765 Martii

150 4776 250 4865 dem
280 4777 325 4862 in
357 4800 624 4886 quemquam
659 4778 875 4883 conjicere
907 4802 979 4862 au·
1171 4799 1259 4884 (Pro
1283 4797 1404 4870 Dioee.
1431 4795 1722 4872 Calatanisiadl

151 4888 285 4978 deret.
311 4890 457 4977 Tanto
475 4914 654 4997 quoque
669 4887 805 4976 divini
819 4889 980 4975 ameris
1027 4973 1036 4988 ,
1082 4915 1135 4998 B.
1153 4913 1367 5000 gomis
1385 4910 1660 4999 marinonfi
1679 4899 1800 4984 Conf.

150 5005 249 5109 igne
267 5003 497 5107 aestuebat,
514 5014 564 5089 ut
582 5012 709 5089 extra
723 5027 879 5088 sensus
898 5003 979 5092 fre·
1346 5025 1549 5114 Duplex.

153 5121 334 5225 quenter
351 5128 491 5226 rapta
510 5117 739 5203 diutdmas
753 5131 888 5223 atque
906 5115 979 5204 ad·
1083 5141 1296 5212 omniane
1325 5139 1470 5210 comm.
1500 5136 1608 5209 Com.
1637 5155 1715 5207 non
1738 5135 1860 5221 Pone,

151 5230 372 5320 mirdbiles
399 5234 573 5318 extases
600 5255 734 5339 passa
759 5230 907 5330 stiterit,
934 5233 979 5316 in
1031 5246 1173 5327 praeter
1196 5236 1408 5326 sequentia.
1482 5335 1489 5350 .

153 5344 310 5451 quihus
338 5345 507 5432 eximiis
534 5371 561 5430 a
585 5345 683 5430 Deo
709 5344 862 5450 gritiis
884 5343 977 5429 illu·
1369 5335 1533 5420 Oratlo·

153 5457 383 5546 strabetur.
1122 5455 1268 5540 omine
1294 5455 1320 5538 J
1322 5479 1401 5542 esu
1428 5451 1619 5554 Christe,
1650 5451 1727 5560 qui
1757 5450 1859 5550 bee-

203 5571 253 5674 li.
278 5571 484 5660 Dilexisti
501 5571 720 5679 justitiam.
1153 5578 1248 5656 tum
1289 5568 1316 5651 J
1317 5573 1505 5696 oenpem
1548 5566 1858 5654 Coniessdrem
