4312 6184
936 496 1053 566 Festa
1075 495 1287 566 Februarii.
1312 495 1389 580 (27.)

304 692 462 778 ducem
479 691 536 779 de
556 693 821 801 quibusdam
839 692 1051 793 articulis,
1075 689 1134 776 ad
1184 691 1492 778 transmiserit:
1537 691 1713 795 Quanto
1757 693 1918 780 ardore
1953 697 2008 780 vi·

302 803 436 891 fidem
449 807 781 914 pertinentibus,
796 811 1016 893 instruens
1030 808 1133 890 scri·
1186 801 1290 889 dere
1313 813 1363 890 te
1377 805 1539 907 sitiam,
1562 805 1667 912 quia
1684 804 1815 893 valde
1831 832 1905 893 me
1923 805 2008 894 dili·

301 919 458 1025 pserit:
479 919 701 1006 Memento
725 921 970 1006 communis
991 918 1134 1005 nostri
1184 918 1265 1023 gis,
1282 919 1327 1002 in
1346 919 1411 1004 tui
1428 918 1592 1006 tebulis
1610 917 1758 1005 cordis
1776 919 1914 1025 legem
1937 920 2011 1006 sed

303 1031 502 1119 doctoris
520 1033 722 1136 Leandri,
745 1044 790 1120 et
808 1035 901 1141 eius
919 1033 1054 1119 fidem
1072 1042 1132 1118 at·
1186 1032 1288 1139 quia
1307 1031 1441 1138 longo
1458 1037 1676 1118 terrerum
1691 1033 1840 1140 spetio
1859 1032 2011 1139 disjdn·

305 1170 390 1254 que
409 1146 654 1232 doctrinam
667 1173 752 1256 pro
767 1145 934 1232 viribus
952 1146 1134 1231 imitere.
1186 1155 1306 1232 ctum
1315 1155 1361 1231 te
1372 1144 1522 1232 videre
1533 1149 1718 1254 nequeo,
1733 1173 1883 1247 unum
1897 1145 2011 1254 quod

302 1257 391 1346 Sed
411 1259 552 1345 noluit
569 1261 691 1347 Deus
714 1271 807 1347 tam
829 1259 1134 1369 splendentem
1184 1257 1293 1344 milri
1310 1258 1366 1344 de
1388 1268 1434 1345 te
1453 1257 1639 1344 dictevit
1655 1259 1832 1362 ceritas,
1855 1259 1951 1362 fuit,
1968 1269 2013 1346 ut

301 1372 481 1481 pietatis
512 1383 558 1459 et
588 1374 801 1476 doctrinae
831 1373 1055 1460 lucernam
1089 1373 1134 1457 in
1184 1372 1346 1458 librum
1375 1371 1561 1476 Regulae
1589 1372 1856 1473 Pastorelis,
1889 1397 2012 1504 quem

303 1486 481 1573 occulto
500 1485 772 1591 delitescere,
797 1485 906 1573 sed
894 1514 939 1571 ιιι
958 1487 1133 1591 fastigio
1185 1487 1231 1571 in
1249 1487 1535 1594 episcopetus
1547 1511 1636 1618 mer
1623 1484 1835 1572 exordio
1851 1485 2012 1592 scripsi

302 1600 514 1686 Ecclesiae
537 1601 747 1712 positam,
769 1601 999 1709 Hispaniae
1021 1625 1133 1708 prae·
1187 1609 1232 1686 et
1266 1600 1424 1701 libros,
1466 1624 1580 1708 quos
1613 1599 1659 1686 in
1695 1597 2013 1707 expositionem

303 1712 467 1802 lucere:
490 1741 592 1810 nam
611 1715 731 1801 clero
750 1726 795 1802 et
812 1714 981 1823 populo
1001 1738 1134 1821 expo·
1186 1712 1307 1800 beati
1332 1713 1358 1798 J
1359 1712 1458 1799 ob
1446 1739 1532 1820 ram
1559 1711 1728 1800 dudum
1758 1737 1832 1798 me
1863 1711 2014 1798 fecisse

304 1831 470 1932 scente,
492 1827 804 1914 amonasterio
826 1826 1021 1927 avulsus,
1046 1831 1135 1934 epi·
1187 1829 1446 1933 cognovisti
1465 1827 1687 1914 sanctitati
1700 1835 1865 1914 vestrae
1882 1834 2013 1910 trans·

303 1966 467 2049 scopus
485 1941 762 2053 Hispalensis
781 1945 956 2029 creatus
974 1950 1053 2025 est
1187 1946 1361 2030 mittere
1380 1942 1638 2028 cuneverim.

358 2061 409 2164 ll».
434 2055 589 2141 Inveni
604 2055 761 2142 David.
878 2059 880 2068 ’
1242 2061 1294 2163 R’·
1316 2057 1451 2142 Posui
1470 2055 1745 2163 adiutorium.

617 2173 769 2256 Lectio
790 2201 826 2252 v.
1491 2175 1650 2260 Lectio
1667 2175 1719 2256 vi.

307 2275 605 2494 susceptam
629 2282 862 2369 ecclesiam
887 2283 1005 2368 omni
1031 2307 1137 2368 cura
1260 2294 1391 2371 aneto
1416 2308 1521 2390 ergo
1546 2283 1738 2392 praesule
1763 2308 1859 2370 suae
1885 2283 2013 2370 eccle·

408 2422 462 2483 ac
513 2396 809 2484 sollicitudine
856 2396 1136 2503 gubernavit:
1283 2398 1361 2483 siae
1380 2398 1600 2499 restitoto,
1618 2397 1694 2482 vix
1708 2397 1908 2484 enarrari
1918 2423 2012 2506 pos·

305 2511 412 2598 cleri
439 2522 483 2598 et
512 2511 671 2620 populi
702 2537 850 2597 mores
881 2509 940 2596 ad
968 2520 1137 2597 arctam
1188 2521 1307 2614 sunt,
1332 2537 1433 2620 quae
1454 2537 1539 2620 pro
1563 2511 1703 2618 gloria
1718 2513 1821 2615 Dei,
1849 2535 2016 2620 proque

305 2623 580 2734 disciplinam
597 2624 807 2712 tradoxit:
825 2624 1038 2710 solemnia
1055 2626 1136 2710 Ec·
1188 2624 1453 2712 eliminanda
1476 2624 1637 2710 haeresi
1660 2625 1827 2711 Aniena
1850 2624 2015 2712 labore·

305 2738 455 2824 olesiae
481 2738 643 2841 officia,
669 2737 969 2846 hymnodiam,
997 2761 1135 2823 sacrae
1189 2739 1261 2824 vit
1314 2738 1704 2842 Hermenegssdum
1739 2739 1858 2825 enim
1888 2740 2014 2845 nepo·

304 2851 453 2938 Missae
472 2854 598 2954 ritus,
615 2856 878 2960 precesque,
902 2850 1062 2957 quibus
1081 2875 1136 2936 eo
1188 2861 1279 2938 tem
1297 2879 1441 2954 suum,
1463 2850 1712 2957 Leovigildi
1731 2852 1852 2957 regis
1874 2851 2016 2952 filium,

304 2969 508 3074 tempore
527 2991 680 3052 omnes
693 2965 922 3073 Hispeuiae
936 2963 1136 3050 ecclesiae
1189 2965 1464 3052 sermonibus
1490 2967 1580 3051 suis
1597 2963 1717 3051 haud
1734 2965 1881 3051 solum
1900 2961 2015 3052 adfi-

304 3077 559 3179 utebentur,
591 3076 811 3165 ordinavit
838 3089 883 3163 et
911 3078 1043 3162 auxit
1095 3077 1137 3160 Α
1191 3080 1263 3166 dei
1279 3079 1602 3166 confessionem
1619 3076 1840 3186 perduxit,
1865 3075 1956 3180 sed,
1972 3085 2016 3162 ut

304 3190 1136 3412 irretitabiliter
1188 3191 2016 3414 tltffliitlltttbtffltio

305 3420 524 3505 nosticum
566 3417 766 3514 ordinem
801 3416 1137 3503 Benedictinum
1188 3425 1333 3507 metus
1361 3420 1509 3507 furore
1535 3419 1701 3528 pater
1688 3446 1735 3504 m
1757 3415 2016 3556 Leendrum,

305 3533 613 3643 amplificere
600 3559 645 3616 ιιι
666 3531 884 3639 Hispania
906 3530 1059 3638 coepit,
1085 3555 1137 3616 ac
1190 3534 1264 3619 et
1251 3561 1297 3618 ιιι
1319 3559 1472 3620 omnes
1495 3531 1641 3620 adhuc
1659 3531 1889 3644 ecclesias,
1914 3535 2016 3617 ensi·

305 3647 450 3752 sorori
494 3672 588 3733 suae
628 3647 896 3732 Florentinae
942 3642 1137 3748 regulam
1189 3648 1250 3733 lio
1275 3673 1376 3734 eum
1393 3647 1638 3749 mulctevit,
1663 3657 1708 3734 et
1724 3645 1822 3731 illas
1840 3645 2015 3731 faculte·

305 3785 390 3868 pro
424 3759 699 3846 institutione
734 3758 967 3863 Virginum
1003 3754 1138 3842 dedit
1188 3759 1308 3846 tibus
1345 3771 1390 3848 et
1422 3759 1678 3869 pastoribus
1711 3757 1895 3845 orbetas
1925 3757 2015 3842 reli·

305 3874 390 3958 His
414 3882 459 3960 et
477 3873 574 3958 eliis
591 3874 701 3960 mne
719 3872 872 4004 gestis,
892 3870 1137 3956 Constanti·
1191 3874 1296 3981 quit.
1326 3789 1452 3959 Neop
1440 3883 1590 3962 tamen
1610 3872 1779 3959 destitit
1798 3897 1901 3958 cum
1917 3868 2055 4003 fidei

305 3986 504 4094 nopolim
534 4012 619 4094 pro
647 3987 790 4074 causis
817 3983 923 4070 fidei
947 3983 1137 4088 Wisigo·
1189 3986 1392 4074 hostibus
1415 3985 1553 4072 libere
1571 3984 1813 4073 decertere.
1850 3985 1936 4068 ln
1923 3944 2055 4147 ipso}

305 4099 483 4185 thorum
505 4099 677 4232 legetus
701 4098 928 4208 profectus
953 4109 1036 4200 est,
1062 4094 1138 4182 ubi
1190 4097 1408 4209 siquidem
1422 4099 1588 4202 exsilio,
1607 4109 1656 4186 ut
1668 4099 1805 4184 frater
1824 4123 1931 4183 suus
1944 4044 2055 4182 Isi·¹

307 4213 365 4298 ob
390 4214 595 4298 eximiam
618 4213 876 4318 religionem
903 4220 949 4296 et
976 4209 1136 4296 doctri·
1190 4213 1326 4301 dorus
1347 4216 1553 4314 testeum,
1577 4209 1690 4299 duos
1713 4210 1854 4298 libros
1881 4208 2015 4296 erudi·

306 4352 408 4412 nam
422 4326 541 4434 apud
555 4337 755 4413 sanctum
768 4325 1042 4431 Gregorium,
1057 4324 1139 4408 Ro·
1189 4326 1356 4413 tissime
1402 4330 1654 4412 sanctorum
1696 4325 2014 4435 scriptuarum

305 4440 425 4526 meni
439 4439 667 4540 Pontificio
681 4440 1016 4548 Apocriserium
1032 4447 1137 4524 tunc
1190 4437 1430 4527 ditissimos
1460 4441 1653 4547 scripsit,
1684 4437 1843 4545 quibus
1869 4441 2013 4524 eorum

305 4553 367 4641 ibi
398 4552 652 4658 degentem,
687 4555 800 4639 tanti
831 4550 1009 4638 hibitus
1044 4550 1137 4653 fuit,
1188 4553 1421 4660 perfidiam
1439 4552 1694 4638 confutavit
1728 4549 1911 4636 Affrilsit
1928 4559 2011 4634 tan·

304 4671 517 4773 tantaque
548 4667 740 4754 amicitia
770 4665 834 4750 illi
868 4666 1136 4772 conjunctus,
1189 4665 1292 4752 dem
1309 4666 1536 4753 ‘Ecclesiae
1566 4676 1670 4774 post
1704 4663 1824 4748 illam
1858 4662 2011 4750 nubem

303 4791 353 4868 ut
398 4777 456 4867 ad
491 4781 738 4866 Romenam
775 4778 936 4866 Sedem
979 4782 1138 4886 postea
1190 4784 1345 4911 opteta
1375 4779 1599 4865 serenitas.
1651 4778 1751 4863 Rex
1779 4777 2012 4863 enimcum

303 4898 554 5006 promotus,
581 4919 682 4980 cum
706 4891 942 4980 Leander
931 4917 976 4976 ιιι
1000 4890 1135 4978 eccle·
1188 4893 1233 4976 in
1249 4891 1455 4979 morbum
1472 4889 1711 4994 incidisset,
1730 4889 1813 4980 sub
1831 4897 2011 4975 mortem

305 5010 419 5095 siam
454 5035 579 5096 suam
613 5011 700 5115 jam
734 5007 890 5094 fuisset
923 5009 1136 5107 reversus,
1187 5006 1233 5089 in
1268 5005 1496 5092 meliorem
1530 5014 1742 5106 mentem,
1779 5002 1897 5108 (licet
1929 5023 2011 5084 non

303 5122 427 5230 pollii
472 5125 778 5210 ornamentum
821 5119 1009 5224 miserit,
1054 5119 1134 5204 fre·
1189 5128 1237 5205 ut
1254 5117 1507 5226 oportebat)
1529 5121 1751 5220 reversus,
1768 5113 2010 5202 Leondrum

306 5236 542 5344 quentibus
570 5233 771 5344 epistolis
797 5232 921 5320 illum
947 5231 1134 5318 honore·
1189 5256 1289 5317 cum
1312 5231 1409 5317 eliis
1435 5232 1661 5340 episcopis
1687 5229 1744 5317 ab
1772 5228 1926 5316 exsilio
1951 5249 2010 5308 re·

304 5351 432 5454 verit;
454 5348 628 5436 libros
616 5375 661 5432 ιιι
679 5349 703 5432 J
706 5346 783 5448 ob
810 5372 921 5455 quos
940 5345 1003 5430 illi
1020 5344 1134 5432 dice·
1188 5345 1338 5431 vocari
1361 5346 1501 5453 jussit,
1525 5349 1654 5453 eique
1672 5337 1917 5429 Reccaredi
1938 5335 2009 5422 filii

304 5464 385 5565 vit,
408 5489 495 5555 una
515 5488 615 5548 cum
633 5460 870 5564 Pastoreli,
891 5459 959 5545 his
977 5458 1134 5545 litteris
1189 5483 1340 5546 curam
1358 5457 1493 5545 dedit.
1519 5457 1743 5544 Defuncto
1760 5465 1897 5566 patre,
1912 5449 2008 5561 piis·

306 5577 616 5664 benevolentia
663 5575 829 5684 plenis,
882 5574 939 5660 ad
991 5575 1136 5680 ipsum
1189 5572 1326 5660 simus
1352 5597 1431 5658 ren
1455 5571 1738 5658 Reccaredus
1763 5569 2007 5664 doctrinam,
