4346 6176
280 480 345 552 12*
510 547 516 558 ,
862 489 979 557 Festa
1002 486 1253 574 Septembris,
1276 486 1340 568 (25.
1363 487 1429 566 26.)

588 677 742 760 Lectio
763 677 816 758 vi,
1163 685 1398 744 mcaznam
1413 659 1994 766 virtusininfirmiteteper·

354 777 409 861 ed
428 785 477 860 ut
493 779 871 883 propugnatorem
887 799 1015 857 suum
1029 771 1113 857 sibi
1164 772 1319 856 ficitur.
1350 772 1455 877 lpse
1474 772 1605 875 igitur
1624 796 1717 871 vos,
1735 782 1786 856 ut
1802 771 1919 856 tales
1934 796 1996 856 es·

370 888 571 973 Ecclesia
587 896 739 972 sancta
752 886 973 988 retineret,
994 884 1112 969 Chri·
1166 886 1284 986 setis,
1301 883 1396 968 leci.
1454 895 1507 996 lq.
1532 884 1707 970 Exaddi
1723 909 1807 968 me.
1833 885 1887 966 9*

281 1012 351 1087 sto
382 1000 667 1085 vehementer
697 999 908 1101 occurrit,
942 1007 992 1082 ut
1022 996 1113 1080 vin·
1458 1002 1612 1086 Lectio
1632 1004 1716 1086 viii.

281 1115 398 1200 centi
418 1113 595 1218 justitiae
620 1116 869 1197 reservaret
891 1115 1113 1209 coronam,
1172 1105 1297 1320 Sed
1318 1107 1621 1215 inspiciemus,
1650 1133 1783 1214 quam
1808 1105 1997 1213 pruden-

282 1238 327 1312 et
362 1225 447 1311 sibi
477 1223 584 1309 belli
614 1228 816 1330 tempore
847 1221 1114 1331 praeliateris
1155 1292 1159 1298 .
1269 1219 1377 1303 tiam
1416 1220 1568 1322 exigit:
1612 1219 1830 1327 serpentis
1867 1227 1999 1304 certe.

281 1339 351 1424 sui
392 1338 676 1444 praesentiam
719 1333 1004 1420 condoneret.
1056 1334 1114 1417 Et
1165 1332 1282 1416 Nam
1311 1329 1688 1436 quemadmodum
1718 1356 1903 1438 serpens
1934 1339 1998 1415 to·

283 1451 389 1557 quid
407 1453 550 1557 plura,
569 1449 748 1533 iratres?
787 1449 906 1552 Egit,
926 1447 1016 1552 egit
1033 1447 1113 1529 Ec·
1165 1454 1260 1529 tum
1284 1449 1478 1550 seipsum
1497 1442 1650 1544 tradit,
1673 1468 1756 1527 nec
1772 1443 2000 1526 minimum

283 1562 416 1648 clesia
448 1570 601 1646 sancta
626 1563 787 1663 Mater,
817 1571 867 1645 ut
897 1583 1115 1665 nusquam
1168 1566 1308 1659 curat,
1332 1556 1370 1640 si
1390 1557 1536 1663 ipsum
1560 1580 1739 1663 quoque
1758 1579 1924 1662 corpus
1940 1555 1999 1637 in-

270 1697 310 1759 a
335 1699 417 1758 suo
445 1677 723 1780 separaretur
750 1673 955 1757 antistite.
997 1671 1114 1754 Ecce
1168 1668 1256 1754 cidi
1283 1673 1465 1754 necesse
1492 1669 1564 1767 sit,
1595 1665 1838 1752 dummodo
1867 1678 2001 1773 caput

282 1787 409 1871 vivit:
444 1811 547 1870 ecce
583 1795 632 1871 ut
665 1785 809 1872 bonus
844 1795 998 1891 pastor
1015 1779 1114 1866 'suo
1168 1807 1297 1865 suum
1321 1786 1540 1886 integrum
1567 1790 1731 1880 servet,
1763 1778 1924 1864 eodem
1952 1788 2002 1863 tu

283 1896 454 1982 medius
493 1899 660 1983 assistit
694 1899 738 1982 in
773 1921 926 2002 grege3
972 1920 1116 1999 neque
1169 1918 1347 2000 quoque
1360 1894 1508 1995 m0d0‚
1528 1903 1691 1999 praetcr
1706 1891 1840 1977 fidem
1854 1895 2004 1977 cetera

283 2037 494 2118 umquam
507 2015 737 2116 separatur
751 2011 920 2116 spiritu,
935 2009 1009 2114 qui
1022 2011 1115 2090 cor·
1167 2005 1355 2112 perdere
1378 2032 1468 2090 non
1492 2031 1637 2108 cures;
1663 2005 1756 2090 sive
1778 2005 2003 2111 pecunias,

285 2148 393 2228 pore
410 2124 641 2228 praecessit
659 2120 717 2206 ad
731 2132 918 2228 tempus.
942 2120 1116 2218 Exstin·
1169 2119 1263 2203 sive
1288 2144 1468 2227 corpus,
1496 2120 1589 2204 sive
1617 2118 1751 2203 etiam
1776 2119 1914 2202 vitam
1939 2118 2003 2222 ip-

285 2248 382 2320 ctus
410 2246 478 2320 est
505 2233 728 2336 diebolus,
755 2238 1017 2341 persecutor
1045 2256 1115 2315 oc·
1169 2256 1263 2314 sarn
1282 2229 1550 2338 profundere
1567 2234 1749 2314 necesse
1768 2230 1836 2314 sit
1868 2227 2005 2314 Fides

285 2347 447 2432 cubuit.
491 2347 608 2431 Ecce
630 2357 802 2449 regnat,
826 2356 871 2429 et
893 2344 1017 2443 vivit,
1042 2343 1117 2447 qui
1170 2344 1285 2428 enim
1307 2353 1441 2450 caput
1466 2354 1534 2427 est
1559 2352 1603 2427 et
1627 2340 1771 2440 radix,
1799 2365 1887 2446 qua
1915 2366 2005 2425 ser·

285 2484 367 2564 pro
403 2483 507 2562 rege
543 2483 625 2542 suo
659 2457 928 2542 desiderevit
963 2454 1117 2555 occidi,
1169 2460 1287 2556 vata,
1305 2454 1477 2540 etiamsi
1497 2455 1645 2539 dmnia
1659 2452 1839 2560 perdes,
1858 2453 2007 2537 emnia

286 2571 362 2675 qui
375 2571 493 2672 vivit,
513 2581 556 2654 et
570 2583 727 2673 regnat
739 2569 862 2653 Deus
875 2592 957 2673 per
972 2565 1118 2650 emnia
1168 2580 1317 2653 tamen
1351 2592 1502 2650 rursus
1535 2566 1690 2670 majeri
1728 2590 1827 2649 cum
1863 2564 2008 2669 gldria

286 2680 551 2766 saeculorum
569 2680 743 2764 saecula.
1171 2678 1463 2785 recuperabis.
1489 2675 1662 2761 Idcirco
1680 2701 1762 2760 nec
1781 2676 2007 2783 simplices

341 2811 394 2913 lq,
418 2793 455 2876 Ο
476 2791 719 2878 Timdthee.
746 2794 798 2875 8*
1171 2793 1316 2875 solum
1347 2791 1473 2896 jussit
1504 2814 1622 2889 esse,
1653 2814 1736 2873 nec
1762 2787 2008 2895 prudentes

510 2967 560 3044 In
582 2967 654 3044 m·
673 2964 898 3046 Nocturna
1172 2903 1334 3004 solum,
1374 2902 1454 2988 sed
1491 2900 1622 2987 ambo
1657 2900 1756 2985 haec
1790 2901 1835 2984 in
1869 2927 2010 2984 unum

288 3077 444 3169 Lectio
468 3078 608 3161 sancti
624 3075 852 3181 Evangelii
876 3073 1121 3158 secr'mdum
1171 3016 1363 3213 ᾖξ’
1387 3025 1440 3238 ἓξ
1459 3040 1578 3210 {²7¹AE
1589 3013 2008 3208 fflffiffffller·

566 3188 839 3274 Matthaeum.

367 3325 521 3409 Lectio
541 3327 610 3408 vii.
854 3329 914 3410 Ca
950 3391 958 3408 .
978 3330 1042 3409 10.
1399 3402 1408 3419 .
1778 3400 1787 3418 .

288 3421 365 3633 In
393 3431 471 3516 illo
503 3436 721 3562 tempore:
752 3429 876 3513 Dixit
931 3426 1121 3557 esusudi·
1353 3402 1437 3547 Ple
1455 3403 1522 3484 25·
1540 3400 1823 3546 Septefflbflss·
1935 3480 1981 3544 .-

362 3544 543 3651 scipuhs
573 3546 684 3629 suis:
718 3544 836 3627 Ecce
872 3565 956 3644 ego
992 3548 1120 3622 m1tt0
1173 3528 1218 3612 S·
1245 3527 1422 3613 Marlae
1454 3527 1516 3610 <10
1546 3526 1857 3612 cervonrone
1887 3529 2010 3630 Vlsg·

288 3679 370 3738 vos
393 3656 507 3741 sicut
532 3681 640 3741 oves
664 3657 710 3740 in
732 3655 880 3739 medio
904 3653 1121 3760 luporum.
1506 3650 1673 3738 Duplex.

287 3766 346 3851 Et
362 3768 542 3873 reliqua,
1230 3764 1369 3834 Omnia
1396 3773 1438 3833 ut
1465 3765 1564 3833 inter
1588 3764 1687 3833 festa
1711 3783 1783 3851 pro
1809 3763 2008 3850 aliquibus

317 3913 508 4003 Homilia
525 3913 566 3996 S.
584 3913 610 3996 J
613 3914 768 3997 oennis
788 3910 1105 4017 Chrysdstomi.
1176 3861 1275 3930 loeis
1301 3862 1363 3930 uie
1386 3861 1439 3930 22.
1461 3861 1712 3949 Septembris.

474 4043 647 4117 Homilia
670 4047 722 4117 34.
749 4046 789 4116 in
810 4046 942 4116 llatth.
1356 4006 1441 4089 Die
1458 4007 1527 4088 26·
1543 4004 1829 4112 septembfifl·

298 4148 436 4251 &lle
464 4135 611 4219 dicere
639 4134 830 4220 videtur:
855 4137 1007 4222 Nolite
1033 4149 1121 4221 tur·
1179 4140 1348 4220 Octava
1361 4131 1405 4215 S.
1418 4131 1655 4216 ianuarii
1673 4137 1818 4241 Episc.
1831 4146 1874 4219 et
1884 4136 2009 4217 Mart.

302 4250 387 4371 ᾖ)
410 4246 526 4352 beri,
551 4247 604 4348 si,
629 4272 728 4331 cum
750 4273 831 4332 vos
853 4250 969 4334 inter
990 4249 1122 4355 lupos
1511 4259 1677 4347 Duplex.

412 4358 558 4460 mitto,
581 4370 808 4464 tamquam
833 4386 959 4460 oveS,
984 4372 1030 4446 et
1052 4387 1123 4446 co·
1231 4373 1370 4442 Omnia
1391 4381 1434 4441 ut
1457 4373 1498 4442 in
1522 4373 1585 4441 die
1606 4373 1718 4457 testo,
1741 4381 2009 4459 praeterseqn.

288 4471 464 4557 ll'lmbas
488 4495 587 4554 esse
606 4471 748 4577 jl'lbeo.
786 4473 903 4555 Nam
921 4473 1005 4558 etsi
1022 4499 1123 4580 pos·
1230 4486 1275 4554 In
1303 4485 1330 4554 I.
1361 4485 1562 4556 Nocturno
1595 4486 1800 4555 Lectiones
1833 4483 1881 4552 de
1910 4481 2012 4553 Scri-

291 4610 389 4668 sum
412 4583 683 4669 contrerium
702 4607 880 4688 quoque
898 4588 1124 4690 praestere,
1178 4587 1292 4668 ptura
1317 4589 1551 4682 occurrente.

291 4707 337 4781 et
350 4721 440 4780 non
458 4699 725 4802 permittere,
744 4706 794 4780 ut
807 4720 943 4799 grave
958 4694 1126 4800 aliquid
1408 4695 1458 4774 ln
1483 4697 1534 4774 ΙΙ.
1558 4695 1782 4774 Nocturno.

289 4808 529 4915 patiemini,
547 4833 629 4892 nec
646 4807 763 4915 lupis
776 4818 1003 4914 tamquam
1018 4833 1125 4893 oves
1222 4817 1373 4898 Sermo
1392 4809 1434 4893 S.
1452 4809 1478 4892 J
1481 4809 1634 4894 cinnis
1654 4810 1972 4915 Chrysdstomi.

292 4920 478 5025 subjecti
501 4919 614 5020 sitis,
642 4919 723 5004 sed
747 4919 938 5021 efficere,
963 4931 1013 5005 ut
1036 4920 1124 5005 led·
1299 4939 1357 5007 De
1381 4937 1417 5008 S.
1440 4937 1593 5025 ignatio
1617 4937 1725 5005 Mart.
1751 4943 1841 5004 tom.
1861 4935 1891 5002 5.

291 5032 419 5115 nibus
437 5031 726 5117 terribiliores
745 5031 958 5133 evadetis,
977 5044 1126 5116 tamen
1483 5042 1637 5126 Lectio
1657 5042 1711 5122 iv.

292 5144 357 5227 sic
384 5142 566 5249 expedit
588 5145 700 5228 lieri:
728 5144 816 5229 hoc
842 5155 888 5229 et
910 5169 992 5229 vos
1020 5170 1124 5249 quo·
1256 5176 1289 5235 e,
1306 5170 1459 5252 empus
1479 5145 1825 5246 animadvertite,
1843 5147 2015 5248 fratres,

292 5280 378 5361 que
412 5255 677 5341 illustriores
712 5255 863 5356 feciet,
903 5267 947 5341 et
981 5281 1126 5340 meam
1185 5254 1221 5361 fi.
1324 5282 1412 5363 quo
1433 5255 1693 5362 dignitatem
1710 5258 2016 5366 episcopalem

292 5367 536 5453 declarabit
549 5369 770 5454 virtutem.
788 5368 860 5452 Sic
874 5368 991 5451 enim
1004 5372 1125 5473 post·
1205 5370 1210 5377 ’
1273 5364 1279 5373 ’
1323 5368 1480 5454 beatus
1499 5371 1732 5456 lanuerius
1752 5381 1821 5455 est
1836 5379 2015 5456 assecu-

292 5503 344 5564 ea
370 5479 481 5565 dixit
502 5480 659 5565 Paulo:
685 5480 857 5564 Srilficit
879 5480 960 5564 tibi
984 5480 1127 5583 gratia
1178 5491 1261 5565 tus.
1302 5481 1460 5586 Neque
1486 5483 1601 5568 enim
1625 5494 1693 5568 est
1712 5482 1868 5568 eadem
1884 5509 2017 5586 nunc,

1228 3255 1331 3324 Lect.
1348 3255 1399 3324 in.
1423 3257 1471 3325 dc
1488 3254 1545 3325 Ss.
1563 3253 1745 3322 llauritio
1766 3260 1802 3323 et
1816 3251 1902 3323 Soc.
1918 3253 2010 3325 Mm.
