4290 6188
786 497 902 568 Festa
926 497 951 566 J
953 499 1113 570 attuarii.
1137 498 1214 586 (22.)
1788 483 1853 564 13*

150 688 261 792 jussu
279 683 467 785 vinctus,
490 681 670 769 retortis
687 680 880 768 brochiis
899 709 970 770 ex·
1021 684 1242 770 resolotus
1268 682 1314 766 in
1339 692 1538 785 mortem,
1565 682 1763 768 Daciono
1789 683 1851 767 in·

150 803 292 886 tensus
310 807 389 898 est,
408 794 550 883 donec
565 821 670 882 ossa
683 795 865 884 sedibus
879 799 970 883 suis
1024 798 1164 884 enitor
1183 797 1239 884 de
1257 795 1474 905 supplicio
1494 796 1733 900 cogitente,
1753 798 1852 883 Deo

149 911 309 1016 singula
335 913 629 997 moverentur.
679 910 787 995 Mox
816 910 970 997 ferreis
1023 921 1170 998 autem
1207 912 1443 999 clementer
1487 909 1750 1018 disponente
1795 910 1853 998 de

148 1024 313 1130 ungulis
331 1023 470 1130 semel
491 1032 628 1131 atque
643 1027 802 1110 iterum
821 1049 969 1110 excar-
1020 1025 1227 1131 praemio,
1264 1025 1379 1113 coelo
1416 1023 1619 1132 spiritum
1649 1021 1853 1110 reddidit.

147 1139 343 1224 nificotus
371 1145 451 1224 est
502 1136 606 1245 Ipse
632 1146 781 1224 autem
807 1139 970 1246 spretis
1022 1138 1411 1225 Circumstontium
1437 1136 1700 1243 frequentia·
1712 1139 1852 1225 sancti

146 1251 369 1339 tormentis
390 1251 601 1336 immotus
626 1275 679 1336 ac
701 1251 826 1359 quasi
852 1262 970 1338 esset
1021 1252 1208 1357 vestigia
1256 1249 1556 1341 deosculondo
1602 1248 1854 1358 prolambit,

146 1365 232 1452 uine
254 1361 346 1450 ullo
370 1363 538 1451 doloris
563 1387 711 1466 sensu,
734 1388 816 1449 nec
839 1364 970 1450 minis
1021 1365 1203 1451 volnera
1228 1370 1366 1452 totius
1389 1364 1527 1451 leceri
1549 1362 1751 1472 corporis
1778 1365 1853 1474 pia
1890 1405 1893 1414 ·

145 1503 222 1565 nec
234 1477 406 1563 iteratis
425 1477 692 1563 crucietibus
712 1475 875 1563 adduci
890 1482 969 1586 po·
1022 1478 1277 1566 curiositote
1300 1479 1470 1589 palpat,
1495 1477 1752 1588 sanguinem
1774 1477 1852 1562 lin-

146 1591 235 1692 tuit,
252 1601 303 1676 ut
321 1590 423 1677 thus
439 1589 573 1677 idolis
591 1587 806 1691 adoleret,
823 1615 969 1697 neque
1020 1592 1104 1678 teis
1123 1592 1302 1702 excipit,
1328 1613 1455 1678 sacra
1471 1589 1756 1678 veneratione
1773 1595 1852 1699 po·

144 1714 188 1790 ut
202 1703 342 1791 libros
364 1729 518 1790 sacros
535 1702 743 1790 troderet.
771 1706 968 1811 Quapro·
1021 1705 1151 1791 steris
1177 1705 1467 1815 profuturum
1513 1701 1751 1789 Contendit
1778 1700 1851 1791 ad·

143 1827 237 1926 pter
272 1817 497 1905 craticulae
534 1816 742 1925 subjectis
778 1816 967 1905 ardenti·
1020 1818 1106 1905 huc
1132 1846 1233 1905 cum
1256 1824 1433 1906 mortuo
1456 1816 1674 1904 cadevere
1696 1817 1851 1903 Dacio·

143 1930 219 2022 bus
235 1932 390 2041 prunis
407 1931 666 2041 imponitur3
690 1932 969 2040 applicentur
1020 1960 1113 2018 nus.
1134 1932 1225 2020 Sed
1234 1934 1396 2020 frustra
1406 1933 1511 2020 feris
1524 1931 1685 2038 objicit.
1708 1931 1854 2018 Corax

143 2045 345 2134 membris
388 2044 582 2149 leminae3
625 2044 823 2131 decurrit
855 2045 970 2135 inter
1020 2072 1210 2156 namque
1229 2056 1380 2134 custos
1398 2046 1573 2133 coelitus
1588 2044 1853 2150 designetur,

143 2159 364 2246 candentis
382 2158 487 2245 ferri
505 2159 790 2268 asperitatem
806 2157 969 2269 liquor:
1022 2161 1097 2270 qui
1122 2188 1198 2248 eas
1229 2164 1489 2269 trucemque
1518 2159 1672 2268 lupum
1703 2167 1852 2246 rostro

144 2272 328 2360 stridens
363 2273 541 2358 flamma
572 2276 724 2358 arvina
753 2274 969 2382 respergi·
1021 2286 1065 2361 et
1088 2276 1170 2362 alis
1194 2301 1221 2361 a
1244 2275 1454 2361 thesauro
1482 2272 1566 2360 sibi
1591 2272 1761 2359 credito
1788 2298 1852 2359 re·

142 2397 223 2490 tur;
249 2385 357 2472 salis
380 2384 554 2492 ignibus
581 2387 724 2495 sparsi
752 2388 968 2495 crepiton·
1019 2389 1183 2475 motius
1210 2398 1343 2476 arcet.
1394 2388 1578 2472 Frustra
1608 2386 1783 2494 projicit
1808 2387 1853 2471 in

142 2511 205 2586 tes
217 2499 416 2584 minutiae
432 2524 514 2608 per
527 2498 726 2586 membra
741 2497 969 2587 dissiliunt
1019 2528 1157 2614 mare3
1186 2501 1307 2611 quod
1331 2501 1493 2589 etenim
1516 2500 1694 2586 minime
1718 2524 1852 2609 appa-

141 2612 311 2700 Interea
326 2622 495 2721 martyr
517 2612 723 2717 invictus,
747 2615 906 2701 erectis
922 2615 969 2700 in
1020 2620 1118 2703 rere
1136 2620 1367 2722 sategerat,
1384 2623 1494 2700 nutu
1511 2611 1662 2700 divino
1677 2637 1852 2722 semper

142 2726 299 2812 coelum
322 2726 479 2829 oculis,
500 2727 740 2812 Dominum
756 2728 966 2833 precabat-
1019 2730 1224 2840 proditur
1243 2755 1417 2837 corpus,
1442 2738 1491 2815 ut
1508 2727 1757 2832 religiosius
1775 2724 1850 2811 hu·
1986 2775 1997 2800 ι

141 2849 219 2924 tur.
1019 2842 1239 2947 mondum,
1261 2843 1403 2950 inquit
1421 2841 1705 2950 Augustinus,
1723 2865 1851 2926 vene·

190 2959 240 3066 lt.
262 2953 477 3041 Probovit
499 2979 571 3040 me
592 2954 716 3040 Deus
744 2954 871 3062 quasi
895 2980 967 3041 au·
1019 2957 1293 3067 randomque
1313 2953 1700 3044 demonstraretur.

260 3066 386 3202 quod
397 3092 478 3176 per
495 3068 642 3209 {suem
654 3068 865 3156 transit*
880 3068 967 3156 Ve-
1075 3111 1128 3215 n.
1157 3108 1266 3194 Post
1296 3110 1611 3215 tempestatem
1641 3108 1850 3215 tranquil-

140 3191 263 3313 msa
291 3206 385 3316 etus
411 3190 606 3321 secutus·
620 3190 691 3268 est
716 3206 798 3290 1³0⁸
825 3208 967 3316 meus
1018 3220 1111 3308 tum
1133 3221 1260 3323 taen,
1287 3219 1493 3323 nomine
1521 3228 1566 3306 et
1593 3229 1699 3326 post
1724 3219 1850 3307 lacri-

139 3294 968 3515 fflefficuffffioegtnssggeffiffi
1018 3334 1259 3476 mationem
1278 3334 1493 3465 etfletum
1511 3333 1852 3420 exsultationem

1018 3447 1221 3534 mlundrs.
1248 3447 1357 3534 *Stt
1379 3470 1541 3534 nomen
1563 3454 1704 3550 tuum,
1727 3447 1851 3533 Deus

140 3519 358 3658 dormtum
376 3532 422 3609 et
438 3523 698 3610 societotem
710 3523 969 3656 passionum
1018 3561 1166 3666 Ima
1180 3559 1462 3648 benedictum
1473 3560 1519 3644 in
1533 3559 1707 3645 saecula
1725 3552 1777 3656 p·
1788 3560 1852 3667 19

139 3633 259 3741 Μ
278 3636 580 3742 ⁰⁰¹¹fig¹¹r⁶t¹¹⁸
597 3645 732 3722 “¹⁰³¹
750 3661 853 3742 ΨΒ·
879 3638 965 3723 ve·
1020 3701 1068 3761 se
1098 3683 1247 3761 autem
1272 3674 1368 3758 Dos
1397 3682 1548 3759 noster
1574 3673 1702 3760 Iesus
1730 3671 1850 3757 Chri·

139 3749 274 3855 stigia-
1019 3797 1115 3874 stus
1129 3787 1253 3876 dedit
1266 3787 1615 3876 consolationem
1629 3789 1850 3889 aeternam,

439 3855 593 3998 Lf‘cfiO
613 3856 666 3940 Vi·
931 3980 941 3999 .
1019 3913 1065 3989 et
1082 3927 1208 4010 spem
1220 3901 1384 3989 bonam
1400 3902 1446 3986 in
1463 3901 1615 4006 gretia.
1641 3901 1716 3988 Sit.
1748 3897 1850 3985 Glo-

217 3990 293 4068 ost
335 3978 434 4066 haec
466 4005 513 4062 m
548 3984 724 4066 corcere
758 3985 967 4067 testecers
1018 4017 1084 4102 ria
1101 4017 1234 4105 patri⁸
1260 4016 1337 4103 Sit·

253 4091 511 4200 fragmentis
531 4103 670 4180 strato
690 4092 967 4197 distenditur,
1655 4115 1658 4124 “

138 4217 183 4292 ut
197 4211 416 4293 testorum
434 4206 578 4294 aculei
595 4207 826 4294 volnerum
844 4206 967 4293 dolo·
1234 4208 1284 4288 In
1310 4207 1382 4289 III.
1410 4205 1633 4288 Nocturna.

137 4343 232 4454 rem·
253 4324 582 4430 exasperarent.
631 4319 719 4406 Sed
745 4320 966 4408 illustrttto
1071 4358 1172 4440 Ant·
1195 4355 1383 4465 psopter
1402 4381 1515 4466 opus
1530 4353 1691 4441 Christi
1708 4380 1848 4463 usque

138 4433 308 4522 coehtffl'
339 4439 518 4568 &Pete
544 4434 818 4567 Aflssffmmm
847 4435 966 4521 Μ·
1018 4471 1076 4557 ad
1103 4479 1292 4557 mortem
1318 4469 1521 4575 accessit,
1551 4468 1732 4557 tradens
1759 4470 1847 4554 oni·

136 4555 204 4631 tur
236 4546 473 4656 obseqmo,
510 4547 706 4656 alloqmo
737 4548 965 4652 mulcetur,
1017 4611 1135 4671 mam
1152 4610 1287 4670 guam·

138 4660 292 4747 solutis
302 4659 489 4748 nexibus
505 4660 791 4748 deambulans
805 4661 965 4770 psallit
1492 4723 1517 4742 ..
1807 4722 1818 4742 .

137 4776 349 4861 consonat
365 4776 490 4862 vocis
509 4773 720 4881 angelicae
736 4774 965 4862 modulota
1018 4838 1029 4858 .
1071 4727 1171 4811 Ant·
1205 4722 1395 4858 Mundm
1429 4723 1558 4827 Μ’
1589 4747 1671 4832 ¹³⁶¹
1701 4725 1848 4809 mma

137 4889 339 4975 suavitas.
378 4887 512 4994 Quod
531 4914 614 4998 per
635 4889 769 4974 rimas
792 4889 963 4997 conspi·
1016 4864 1062 4922 ¹¹¹
1083 4839 1278 4996 mmm,
1303 4836 1543 4996 ⁰⁰¹¹fld⁶¹¹⁸2
1691 4975 1701 4994 ,

137 4999 301 5088 cientes
330 5003 568 5113 stupefacti
598 5003 788 5090 cerceris
818 5007 963 5091 custo·
1072 4977 1171 5108 ΑΨ·
1224 4975 1352 5110 Vlia,
1371 4973 1595 5109 decessit,
1629 4978 1846 5062 umvofflae

138 5111 214 5200 des
249 5115 502 5222 christunae
540 5116 741 5222 religioni
773 5115 964 5204 fideliter
1014 5099 1136 5196 gent
1169 5095 1443 5232 menonem·
1466 5099 1635 5228 moros,
1656 5115 1748 5176 suae
1788 5089 1846 5224 ed

137 5251 182 5312 se
205 5224 383 5316 dedunt
425 5229 626 5318 Eductus
650 5228 753 5318 inde
774 5232 963 5319 Vincen·
1016 5204 1267 5312 0¹⁶fflplum
1291 5214 1470 5291 Vlrtlltlss
1498 5202 1816 5311 derelm‘lueflfl·

135 5340 219 5428 tius
245 5343 371 5429 molli
401 5343 596 5431 culcitrae
626 5344 883 5452 imponitur,
914 5355 963 5431 ut
1071 5331 1123 5440 ll.
1162 5344 1313 5432 Iustus
1349 5371 1448 5432 cum
1484 5343 1714 5447 ceciderit,
1756 5367 1846 5429 non

137 5454 450 5563 aliquantulum
472 5463 699 5546 recreatus
721 5459 867 5544 ocrius
890 5458 962 5545 de·
1016 5458 1259 5547 collidetur.
1303 5464 1356 5570 Re
1381 5459 1494 5563 Quia
1510 5459 1727 5545 Dominus
1745 5482 1845 5566 sup·

137 5591 220 5658 uuo
233 5575 524 5684 torqueretur.
541 5573 709 5664 Verum
721 5574 963 5686 pretiosam
1015 5573 1143 5688 ponit
1159 5597 1337 5659 manum
1356 5599 1491 5662 suam.
