4290 6188
809 501 923 572 Festo
947 503 1084 574 llortii.
1100 463 1164 590 tt.)

444 694 597 778 Lectio
619 723 655 778 v.
1012 698 1156 783 tatum
1172 697 1333 799 genere
1356 697 1550 784 cruciata
1571 697 1618 782 in
1640 699 1843 803 gravissi·

141 797 346 1017 Corpus
364 831 492 892 suum
510 804 630 890 omni
642 811 877 912 poenarum
890 811 961 914 ge·
1014 833 1135 896 mum
1150 808 1354 895 morbum
1370 809 1536 913 incidit,
1555 811 1707 921 inquo
1726 838 1844 900 acer·

241 946 349 1009 nere
387 921 432 1004 in
468 922 726 1006 servitutem
760 920 962 1026 redigere
1013 922 1221 1010 bisrimos
1245 921 1424 1010 dolores
1446 923 1552 1011 forti
1576 926 1723 1014 animo
1746 930 1845 1035 per·

136 1032 359 1135 studebat,
395 1033 569 1133 ciliciis,
599 1031 744 1121 ferreo
774 1034 962 1139 cingulo,
1014 1035 1126 1123 tulit.
1151 1037 1491 1140 Ingravescente
1510 1037 1670 1125 deinde
1688 1038 1845 1128 morbo

135 1147 388 1256 crebrisque
418 1145 606 1251 flagellis
636 1146 699 1232 ita
729 1147 774 1231 in
804 1173 853 1234 se
883 1153 962 1233 sa'c-
1015 1153 1193 1236 sorores
1230 1175 1332 1236 suas
1368 1147 1633 1238 salutaribus
1667 1153 1847 1240 monitis

134 1263 269 1364 viens,
292 1272 342 1348 ut
365 1286 488 1368 saepe
507 1259 717 1367 copiosus
735 1285 867 1348 cruor
884 1259 961 1348 dit-
1014 1261 1233 1366 instrirxit,
1246 1262 1621 1372 sanctissimisque
1632 1264 1847 1352 Ecclesiae

134 1375 299 1464 flueret
354 1373 525 1461 Praeter
561 1376 772 1461 consueta
806 1375 963 1482 jejunia
1015 1374 1309 1464 Sacramentis
1340 1401 1492 1464 coram
1521 1377 1585 1464 cis
1616 1374 1846 1465 devotissi-

133 1488 280 1596 plures
301 1489 348 1574 in
368 1485 649 1574 hebdomada
672 1486 767 1575 dies
784 1513 875 1576 non
893 1514 963 1574 so·
1015 1513 1086 1574 me
1112 1488 1347 1599 susceptis,
1371 1490 1562 1576 enimam
1579 1491 1678 1577 Deo
1703 1490 1847 1579 reddi·

133 1602 220 1688 lum
257 1601 368 1702 vini,
402 1599 484 1690 sed
518 1609 564 1688 et
598 1599 726 1708 panis
761 1627 845 1687 usu
879 1600 966 1692 sibi
1017 1601 1082 1689 dit
1110 1601 1326 1688 Kalendis
1356 1601 1527 1688 Martiis
1562 1629 1677 1690 anno
1711 1603 1847 1692 mille·

133 1714 366 1802 interdicto
402 1713 565 1801 vilibus
609 1711 719 1812 cibis
757 1717 965 1802 contenta
1016 1715 1129 1804 simo
1160 1715 1483 1804 sexcentesimo
1510 1718 1848 1825 septuagesimo,

135 1827 341 1931 ducebat,
371 1829 463 1914 imo
489 1852 574 1913 nec
599 1826 719 1914 sitim
748 1853 865 1934 aqua
891 1854 964 1915 ex·
1016 1829 1265 1917 aetitis‘suae
1277 1830 1554 1935 sexagesimo
1569 1840 1738 1937 quarto.
1755 1823 1849 1916 Plri-

135 1947 356 2048 stinguere
396 1939 592 2027 curabat.
650 1941 692 2026 A
736 1941 964 2028 sororibus
1016 1942 1207 2044 ribusin
1230 1943 1337 2045 vita,
1363 1953 1536 2051 etpost
1559 1953 1749 2032 mortem
1771 1945 1848 2032 mi·

133 2058 220 2144 suis
236 2054 460 2157 derelicta,
477 2053 725 2160 linguarum
742 2055 965 2143 morsibus
1015 2054 1178 2142 raculis
1196 2055 1370 2159 claruit,
1396 2055 1557 2165 quibus
1579 2056 1663 2143 rite
1687 2056 1847 2165 proba·

135 2167 224 2259 dire
247 2168 431 2276 agitata,
454 2169 631 2266 invictae
654 2169 883 2276 patientia
901 2180 963 2257 at·
1017 2170 1089 2273 tis,
1107 2169 1213 2255 Pius
1230 2170 1390 2256 Sextus
1407 2169 1614 2258 Pontifex
1630 2169 1849 2260 Maximus

135 2309 216 2392 que
234 2281 595 2392 profundissimae
617 2279 875 2370 humilitatis
893 2307 964 2370 ex·
1016 2281 1247 2371 beaterum
1263 2283 1467 2388 catalogo
1485 2309 1585 2372 eam
1602 2280 1850 2391 adscripsit.

135 2397 327 2506 emplum
346 2394 571 2506 praebuit:
616 2392 740 2502 quod
774 2395 964 2484 maxime
1072 2399 1125 2501 ll.
1145 2397 1397 2485 Afferentru
1415 2398 1540 2503 Regi.

136 2510 289 2598 enituit
305 2511 351 2597 in
373 2507 576 2618 pll'lribus
594 2507 781 2610 morbis,
806 2508 965 2614 quibus
1073 2527 1117 2596 ln
1141 2525 1205 2596 lll.
1226 2525 1426 2595 Nocturno
1451 2521 1623 2592 Homilia
1649 2519 1688 2592 in
1705 2520 1849 2611 Evang.

135 2649 251 2732 saepe
269 2623 436 2731 saepius
449 2624 610 2708 verita
625 2621 721 2725 fuit;
738 2625 966 2730 praecipus
1020 2623 1151 2700 Simile
1187 2624 1261 2700 en‘t
1296 2643 1459 2716 regnum
1491 2625 1679 2728 coelorum
1716 2625 1851 2704 decem

135 2761 235 2823 vero
253 2737 302 2822 in
318 2733 516 2828 ischiade
533 2733 783 2836 toleranda,
803 2760 890 2842 qua
909 2733 967 2822 ad
1017 2722 1245 2814 virginibus.
1272 2718 1318 2786 00
1344 2715 1558 2786 Communi.

134 2859 321 2936 mortem
344 2873 486 2955 usque
510 2846 739 2940 laboravit
780 2847 965 2935 Castita·
1274 2863 1359 2950 Die
1376 2865 1414 2948 2,
1433 2861 1590 2949 Martii,

135 2974 220 3050 tem
244 2961 362 3050 adeo
381 2962 534 3064 coluit,
556 2972 679 3048 utne
699 2961 854 3048 oculos
875 2962 965 3070 qui-
1161 2987 1248 3074 (Ρη)
1272 2985 1395 3055 nsoee.
1421 2979 1714 3058 unanimam.)

136 3075 234 3164 dem
263 3077 311 3162 in
342 3100 609 3186 quemquam
644 3075 862 3182 conjicere
892 3101 965 3169 au·
1069 3096 1124 3181 13,
1141 3095 1355 3183 som
1373 3083 1649 3183 flammi
1672 3079 1807 3171 (30an

137 3189 267 3280 deret
296 3189 443 3281 Tanto
461 3213 640 3297 quoque
655 3187 792 3274 divini
805 3188 967 3274 amotis
1337 3207 1540 3294 Duplex.

136 3304 232 3410 igne
250 3302 483 3404 aestuabat
499 3311 550 3390 ut
568 3311 694 3389 extra
711 3327 866 3388 sensus
885 3301 966 3410 tre·
1074 3323 1213 3394 Omnia
1241 3323 1287 3392 de
1317 3321 1462 3392 comm.
1491 3317 1600 3390 Conf.
1628 3337 1705 3386 non
1728 3315 1852 3400 Pone,

138 3421 320 3526 quenter
337 3426 477 3526 rapta,
494 3414 725 3502 diuturnas
741 3424 874 3521 atque
892 3413 967 3502 ad·
1021 3428 1164 3511 practer
1188 3419 1400 3508 sequentia.
1473 3514 1481 3528 ι

136 3531 357 3620 mirabiles
385 3533 560 3618 extases
586 3555 722 3637 passa
746 3527 896 3631 fuerit,
921 3530 968 3614 in
1189 3632 1200 3651 ·
1360 3515 1525 3648 0111110·
1707 3629 1717 3648 ι

140 3644 297 3753 quibus
324 3645 494 3731 eximiis
522 3671 548 3732 a
571 3643 670 3729 Deo
698 3641 851 3750 gratiis
872 3641 966 3730 illu·
1112 3636 1258 3719 omme
1285 3632 1311 3717 J
1312 3656 1392 3727 esu
1419 3629 1611 3732 Christe,
1644 3655 1720 3737 qur
1750 3628 1852 3716 bea·

141 3759 372 3846 strabatur.
422 3751 430 3768 '
1144 3757 1240 3833 tum
1281 3745 1497 3832 Ioannem
1540 3743 1853 3830 confessorem

188 3871 240 3976 [ἐς.
263 3871 471 3959 Dilexisti
488 3869 709 3978 iustitiam
1020 3870 1156 3962 tuum,
1178 3885 1261 3969 per
1278 3855 1501 3945 assiduam
1518 3855 1853 3944 Passionistuae

431 3981 584 4066 Lectio
605 3983 658 4065 vi.
1021 3971 1460 4083 contemplationem,
1491 3969 1760 4058 imitatorem
1789 3967 1855 4056 tui

241 4099 385 4186 irifica
402 4098 535 4186 etiam
559 4097 604 4183 in
625 4095 806 4184 beatam
826 4094 969 4200 Virgi-
1021 4086 1228 4174 eximium
1264 4084 1468 4182 effecisti:
1504 4085 1646 4192 ipsius
1681 4085 1852 4191 quaesu·

270 4239 371 4299 nem
397 4213 563 4321 pietite
588 4211 812 4312 excelluit,
838 4208 884 4296 'et
910 4207 969 4295 la·
1020 4225 1120 4291 mus
1130 4197 1447 4286 intercessione
1460 4195 1732 4300 concede3ut
1743 4198 1853 4304 ejus·

142 4327 374 4414 criminum
409 4321 529 4414 dono
565 4322 730 4413 enituit.
788 4323 969 4431 Quibus,
1022 4309 1125 4400 dem
1151 4312 1348 4418 vestigiis
1376 4310 1660 4414 inhaerentes,
1686 4309 1853 4417 passio·

32 4489 37 4500 ·
141 4439 322 4550 aliisque
359 4436 595 4526 virtutibus
633 4437 873 4541 fulgentem
905 4433 969 4521 di·
1021 4425 1089 4511 nis
1123 4436 1216 4512 tuae
1231 4425 1416 4559 'fructus
1445 4427 1678 4534 percipere
1708 4421 1852 4512 valea·

141 4578 269 4658 gnam
298 4577 405 4639 sane
439 4555 618 4640 sorores
654 4549 970 4652 existimarunt,
1021 4565 1131 4625 111118·
1158 4539 1244 4642 Qul
1260 4546 1624 4646 01111011ομ10·

144 4666 209 4752 cui
231 4665 486 4753 monasterii
515 4664 711 4772 regimen
740 4663 877 4749 semel
907 4671 969 4750 at·
1076 4665 1120 4734 In
1153 4665 1180 4734 l.
1208 4663 1409 4742 Nocturno
1442 4659 1646 4730 Lectiones
1679 4659 1726 4728 do
1756 4659 1853 4729 Scri-

145 4805 226 4886 que
251 4785 412 4867 iterum
439 4782 782 4879 committerent,
809 4776 854 4860 in
881 4800 970 4883 quo
1025 4771 1138 4852 ptum
1163 4765 1396 4832 oecurrente.
1613 4865 1621 4882 ,
1815 4861 1835 4876 „

147 4891 321 5000 quidem
338 4899 520 4990 munere
542 4901 666 4980 tanta
684 4889 884 4993 caritate,
909 4901 970 4978 at·
1076 4867 1120 4937 ln
1136 4865 1276 4951 Quodn.
1292 4865 1393 4933 Lect.
1416 4865 1559 4942 Beatus
1581 4887 1652 4940 W·
1682 4863 1729 4933 de
1747 4861 1851 4932 Com.

147 5031 228 5114 que
244 5007 491 5098 humilitate
513 5031 618 5112 erga
636 5029 791 5092 omnes
810 5029 858 5090 se
875 5028 971 5109 ges·
1176 5099 1181 5112 ¹
1256 4989 1305 5068 111
1328 4987 1379 5066 ll.
1404 4987 1627 5125 0100111100·

147 5118 215 5223 sit,
234 5131 284 5208 ut
304 5119 503 5230 quamvis
520 5129 663 5208 mater
681 5127 815 5222 esset,
839 5127 884 5204 et
903 5142 971 5203 so·
1328 5111 1480 5194 Lectio
1501 5137 1555 5191 ιν.
1841 5219 1851 5240 ⁸

147 5237 293 5322 rorum
305 5239 526 5344 magistra,
543 5233 740 5321 omnium
756 5255 807 5319 se
823 5241 972 5318 tamen
1068 5290 1113 5341 ..ξ
1134 5232 1300 5316 oannes
1321 5224 1592 5314 llarinonius
1616 5247 1674 5309 ex
1693 5221 1854 5310 illustri

150 5347 346 5436 ancillam
396 5347 625 5439 exhiberet
673 5358 807 5456 atque
850 5345 971 5432 mini·
1040 5350 1054 5399 <
1068 5322 1070 5361 ⁴
1088 5332 1124 5455 li
1149 5341 1314 5429 familia
1330 5337 1531 5427 venetiis
1549 5345 1693 5468 natus,
1714 5335 1853 5467 Cano3

150 5469 292 5548 stram.
333 5460 503 5550 Meritis
526 5459 708 5551 tandem
731 5470 866 5569 atque
889 5457 971 5544 vir·
1043 5454 1064 5465 “’
1108 5455 1275 5542 nicus
1319 5453 1403 5540 fuit
1436 5452 1481 5583 in
1515 5448 1680 5538 eelebn
1714 5457 1854 5536 sanctr

150 5573 310 5663 tutibus
334 5573 571 5678 cumulata,
599 5584 643 5662 et
668 5573 788 5660 omni
810 5571 972 5681 asperi·
1023 5567 1374 5671 MarciBasilica,
1391 5565 1468 5654 ubi
1484 5565 1853 5672 nonpaucaprae·
