4346 6176
275 500 344 576 24*
735 505 940 576 Dominica
963 505 1009 576 ΙΙ.
1033 505 1139 576 Julii.
1185 504 1242 576 Ss.
1267 503 1541 592 Reliquiarum.

330 695 381 799 ll.
406 689 492 775 Per
515 712 671 773 manus
691 685 1012 796 Apostolbrum
1035 685 1108 771 fie-
1160 708 1257 770 rum
1288 687 1495 792 pignora,
1531 687 1779 792 prasertim
1817 713 1917 795 quae
1946 689 1991 772 in
2166 687 2167 710 ³

177 805 183 824 “
276 801 384 889 bant
401 799 616 908 prodigia,
638 800 701 887 ita
718 811 767 887 ut
784 801 829 886 in
847 799 1017 909 plateas
1038 801 1108 906 eji·
1159 799 1327 907 templo
1348 799 1540 884 maximo
1560 799 1735 887 fuerant
1752 799 1992 906 recondita,

276 925 428 1002 cerent
445 913 660 1019 infirmos3
677 924 727 1001 ut
743 915 946 1001 veniente
963 912 1108 1015 Petro,
1159 911 1314 1020 majori
1345 937 1433 1018 quo
1461 910 1557 999 tieri
1582 915 1726 1021 possit
1751 915 1797 999 in
1821 913 1992 1002 honure

277 1027 434 1116 saltem
476 1026 632 1114 umbra
670 1028 786 1114 illius
822 1025 1110 1115 obumbraret
1159 1023 1443 1125 haberentur,
1465 1025 1511 1110 in
1536 1025 1696 1113 eudem
1713 1026 1881 1135 templo
1902 1028 1991 1113 Gu-
2167 1039 2168 1076 ³

277 1149 544 1250 quemquam
577 1141 774 1246 illdrum3
808 1152 832 1203 *
867 1140 952 1244 Qui
988 1165 1108 1226 cura·
1159 1136 1332 1223 lielmus
1341 1136 1721 1247 Archiepiscopus
1734 1139 1992 1242 Cardinalis,

276 1255 437 1343 bantur
452 1280 617 1342 omnes.
637 1249 689 1357 li.
702 1251 1009 1342 Misericordia
1020 1263 1109 1356 tua,
1161 1249 1283 1357 quod
1305 1251 1463 1338 ceteris
1480 1251 1764 1340 incitamento
1783 1262 1828 1340 et
1848 1259 1990 1341 exem-

276 1370 484 1472 Dbmine,
515 1367 756 1457 adveniens
786 1369 970 1455 sanabat
997 1367 1109 1452 illos.
1160 1363 1236 1474 plo
1252 1372 1380 1466 esset,
1395 1364 1605 1450 sacellum
1619 1365 1992 1474 Lipsanothecam

278 1483 375 1585 Qui.
1160 1476 1401 1581 constituit,
1424 1477 1713 1586 collectisque
1731 1481 1993 1569 Sanctarum
2168 1483 2169 1486 ‘

582 1594 735 1678 Lectio
755 1595 808 1676 vi.
1161 1591 1377 1698 reliquiis,
1412 1615 1488 1678 eas
1521 1590 1585 1677 ibi
1620 1594 1789 1681 caelatis
1825 1595 1993 1700 argenti

281 1709 582 1926 Sanctbmm
591 1735 695 1796 ossa
704 1708 930 1795 dae‘mones
940 1709 1110 1808 sistunt,
1162 1715 1294 1813 atque
1319 1702 1415 1789 auri
1438 1703 1579 1792 thecis
1603 1705 1813 1810 inclusas,
1838 1707 1992 1795 urdine

374 1830 419 1908 et
447 1823 701 1912 excruciant
727 1820 1110 1929 acerbissimisque
1162 1843 1361 1928 quasque
1386 1842 1468 1905 suo
1498 1819 1832 1927 circumposuit,
1857 1821 1991 1907 medi·
2169 1861 2170 1870 Ν

277 1933 363 2020 illis
388 1935 574 2022 vinculis
603 1960 682 2023 eor
713 1935 789 2043 qui
813 1935 983 2021 astricti
1009 1947 1110 2019 sunt
1162 1939 1323 2040 umque
1358 1930 1500 2020 crexit
1530 1932 1689 2035 altare,
1724 1933 1847 2040 quod
1882 1935 1993 2020 sole-

278 2048 466 2136 solvunt.
507 2047 626 2153 Quid
647 2048 735 2137 hoc
756 2047 963 2135 tribunali
987 2048 1109 2133 terri-
1160 2046 1320 2133 mniter
1356 2044 1589 2133 dedicavit
1640 2048 1851 2154 Ejusdem
1884 2074 1992 2135 vero

278 2161 409 2247 bilius
427 2161 533 2267 tingi
546 2159 721 2272 potest?
750 2163 862 2258 Cum
874 2185 1005 2247 nemo
1020 2185 1110 2246 cer·
1160 2184 1318 2268 preces
1342 2185 1396 2246 ac
1415 2169 1520 2247 vota
1545 2161 1791 2271 suscipiens
1808 2162 1902 2249 Leo
1920 2160 1994 2247 de·
2170 2220 2171 2282 ,

278 2279 427 2377 natur,
466 2299 597 2362 nemo
635 2275 850 2362 dae'monis
884 2273 1014 2360 lateri
1050 2273 1111 2358 in·
1163 2273 1301 2360 cimus
1335 2273 1492 2362 turtius
1527 2274 1732 2362 Pdntilex
1766 2275 1996 2378 Maximus,
2170 2297 2171 2328 ³

279 2387 479 2491 cumbat,
514 2413 649 2475 voces
684 2400 729 2476 et
764 2386 1112 2494 dilacerationes,
1163 2384 1221 2474 ad
1244 2383 1492 2492 augendum
1514 2411 1619 2491 erga
1636 2387 1900 2474 Sancturum
1922 2414 1995 2474 ex·

279 2500 466 2590 verbera
489 2510 535 2588 ct
559 2502 796 2604 cruciatus,
822 2500 985 2604 linguae
1010 2526 1111 2588 con·
1163 2500 1289 2587 uvias
1312 2497 1494 2602 cultum,
1520 2499 1716 2586 officium
1741 2527 1841 2586 cum
1859 2499 1997 2587 Missa

280 2614 516 2721 flagrantes
540 2615 793 2717 audiuntur,
818 2613 1019 2702 dae'mone
1038 2614 1111 2701 ad·
1163 2613 1392 2723 pruprium
1406 2614 1668 2700 Sanctarum
1680 2615 1997 2722 Reliqruarum,
2171 2652 2172 2738 q

279 2727 525 2816 mirabilem
560 2727 805 2839 potentiam
840 2726 1018 2814 minime
1052 2729 1111 2814 fe·
1163 2729 1381 2813 universae
1407 2726 1717 2835 Neapolitunae
1749 2727 1996 2814 Archidioe·
2171 2769 2172 2772 κ

279 2845 416 2928 rente.
459 2846 610 2951 Atque
633 2841 708 2929 isti
731 2843 807 2950 qui
829 2845 1019 2950 curpora
1041 2868 1112 2947 ge·
1164 2841 1255 2927 cesi
1271 2841 1460 2947 benigne
1478 2838 1673 2928 indulsit

280 2959 463 3061 sturunt,
488 2957 676 3044 virtutes
694 2958 885 3064 curpore
903 2959 1113 3042 vacantes
1218 2967 1271 3068 lb.
1292 2965 1495 3051 Virtutes
1515 2985 1607 3050 non
1631 2964 1850 3072 quaslibet
1867 2965 1998 3053 facid-

281 3075 509 3178 superant,
526 3068 779 3178 pulvisque,
803 3093 922 3172 ossa,
942 3078 987 3155 et
1005 3067 1113 3154 cinis
1163 3076 1241 3164 bat
1263 3079 1386 3164 Deus
1411 3103 1494 3185 per
1517 3104 1672 3165 manus
1695 3077 1836 3183 Pauli,
1861 3079 1922 3167 ita
1947 3089 2001 3166 ut

280 3187 461 3269 naturas
484 3182 582 3270 illas
598 3182 841 3270 invisibiles
859 3180 1114 3313 dilacerant,
1166 3216 1298 3299 super
1315 3187 1547 3297 languidos
1565 3190 1841 3278 deferrentur
1858 3219 1886 3278 a
1903 3195 1999 3278 cdr-

280 3294 392 3382 Ideo
419 3321 550 3384 nemo
578 3305 666 3402 est,
698 3296 775 3405 qui
798 3296 1113 3405 peregnnatid·
1164 3330 1276 3414 pore
1308 3307 1399 3413 eius
1432 3301 1609 3390 sudaria
1640 3315 1685 3392 et
1711 3307 1999 3412 semicinctia3

280 3434 382 3495 nem
412 3436 623 3519 umquam
655 3410 766 3500 inire
796 3414 1044 3530 sustineat,
1065 3418 1114 3497 ut
1167 3419 1270 3504 *Et
1292 3416 1560 3506 recedebant
1582 3418 1638 3504 ab
1664 3419 1729 3506 eis
1751 3419 2000 3524 langueres,
2150 3453 2153 3462 ·

280 3525 598 3634 imperaturum
623 3525 746 3612 aulas
770 3523 936 3628 videat,
960 3536 1115 3611 contra
1166 3543 1210 3618 et
1234 3533 1416 3640 spiritus
1438 3557 1630 3638 nequam
1647 3530 2000 3638 egrediebantur.

245 3699 248 3707 «
280 3638 412 3725 multi·
427 3638 690 3747 plerumque
708 3639 999 3746 imperatores
1015 3641 1113 3747 per·
1166 3639 1218 3744 iu,
1244 3646 1351 3750 Quis
1378 3647 1532 3732 similis
1558 3645 1640 3750 tui,
1670 3647 1877 3748 Domine,
1908 3674 1997 3734 ma-

280 3777 385 3858 egre
407 3753 599 3862 profecti
618 3762 735 3854 sunt,
760 3761 810 3838 ut
833 3749 920 3837 hoc
943 3755 1114 3860 spectu·
1165 3759 1350 3864 gnificus
1376 3760 1421 3844 in
1449 3760 1699 3862 sanctitate,
1726 3759 1892 3848 faciens
1918 3762 1998 3846 mi-

280 3866 381 3953 culo
400 3867 658 3954 fruerentur.
693 3863 922 3971 Siquidem
942 3870 1114 3952 sanctu·
1165 3870 1343 3958 rabilia?
1388 3871 1640 3960 Extendisti
1663 3899 1840 3960 manum
1863 3887 1998 3962 tuam.

280 4002 379 4064 rum
410 3979 654 4088 Martyrum
689 3978 855 4088 templa
890 3977 1024 4065 futuri
1054 3979 1112 4083 ju·
1165 3985 1234 4073 Et.
1265 3985 1417 4072 Gldria
1433 3985 1565 4072 Patri.
1592 3986 1659 4073 Et

282 4090 386 4182 dicii
421 4093 608 4199 vestigia
651 4103 696 4179 et
736 4092 861 4196 signa
895 4089 1114 4193 exhibent,

282 4203 388 4292 dum
424 4206 651 4292 damone·
687 4205 836 4311 flagris
872 4204 1114 4307 caeduntur,
1385 4167 1436 4246 In
1455 4165 1771 4317 ffl·,N⁰⁰tU¹”¹²f³·

280 4317 1112 4427 hominesquecasflgqnmacfiberan.
1218 4297 1318 4380 Ant.
1347 4293 1459 4377 Ossa
1485 4288 1611 4378 unda
1637 4291 1787 4380 audrte
1810 4291 1997 4379 verbum

281 4441 364 4520 tur.
402 4432 550 4520 Viden
568 4457 669 4541 quae
686 4432 958 4534 sanctarum,
982 4431 1115 4516 etiam
1164 4404 1354 4492 DOmissie
1397 4527 1447 4548 ..
1617 4528 1626 4548 ‚
1968 4529 1977 4547 ·

281 4547 373 4635 vita
386 4549 649 4649 funcfflmm'
662 4547 730 4635 vig
745 4543 825 4636 git?
845 4544 986 4631 Porro
1000 4543 1114 4631 Nea.
1220 4531 1319 4613 Ant.
1353 4532 1470 4613 chlt
1495 4529 1712 4614 Domlnllfl
1738 4528 1861 4614 Deus
1888 4533 1996 4615 6881·

279 4662 481 4771 polituna
511 4660 667 4748 civitas
702 4659 903 4770 plurimis
933 4659 1113 4746 Sanctu·
1164 4642 1929 4783 bushitJQE⁰00089111510msttam
1952 4644 1997 4726 11¹

280 4801 379 4864 rum
393 4774 563 4863 exuviis
578 4774 804 4882 sejamdiu
817 4772 1001 4859 ditatam
1016 4796 1114 4860 esse
1164 4782 1246 4843 VOS
1265 4765 1477 4864 spumam,
1497 4765 1542 4843 θῒ
1560 4758 1728 4840 V1V⁶t1⁵·
1941 4843 1949 4862 .

280 4891 374 4997 jure
401 4889 629 4996 gloriatum
660 4888 826 4975 nullum
856 4886 972 4972 enim
999 4912 1114 4996 pene
1220 4885 1321 4968 Ant.
1348 4876 1477 4964 Dabo
1501 4901 1635 4985 super
1653 4902 1734 4964 vos
1751 4901 1929 4981 nervos,
1953 4890 1997 4965 et

280 5003 327 5088 in
343 5029 396 5090 ea
418 5002 529 5092 urbe
546 5003 761 5112 templum
778 5002 876 5105 fuit,
903 4997 1024 5108 quod
1037 5005 1113 5107 pa·
1166 4994 1445 5078 succrescere
1467 4991 1627 5076 faciam
1652 5016 1785 5100 super
1804 5017 1885 5078 vos
1905 5018 1995 5079 car·

281 5116 368 5205 tria
389 5121 534 5227 pietas
553 5117 815 5204 Sanctarum
839 5113 1022 5222 lipsani·
1040 5138 1113 5199 au·
1164 5131 1262 5208 nes,
1303 5113 1348 5192 et
1381 5104 1753 5212 superextendam
1786 5105 1833 5189 in
1867 5106 1995 5193 vobis

281 5233 387 5338 gere
409 5255 498 5317 non
519 5230 754 5333 studuerit,
778 5229 893 5320 rideo
919 5227 1030 5314 utin
1048 5253 1114 5314 sa·
1166 5228 1327 5352 ομῒθφ,
1351 5227 1397 5305 θῒ
1422 5216 1539 5307 d³b0
1565 5216 1694 5304 vobis
1720 5216 1925 5327 Spiritum
1951 5229 1995 5306 01

281 5347 369 5434 cris
411 5345 637 5455 plerisque
676 5344 846 5434 aedibus
881 5343 1115 5432 Sacrarum
1165 5335 1334 5418 vlvdhs·

282 5461 588 5570 Reliquiarum
607 5460 770 5550 sacella
783 5461 931 5546 erecta
942 5455 1115 5544 fuerint.
1221 5449 1272 5556 ll.
1302 5451 1597 5542 Exsultubunt
1627 5453 1742 5540 Duo.
1798 5456 1850 5561 Ii.
1881 5453 1993 5540 Ossa

283 5575 344 5664 Ut
373 5583 519 5664 autem
551 5583 621 5662 tot
649 5577 863 5681 tantaque
890 5569 1112 5659 coelicola·
1165 5567 1402 5656 humiliata.
