4402 6190
743 526 750 540 ·
832 501 949 572 Festa
972 500 1222 590 Septembris
1247 503 1302 588 (o.)
1859 509 1920 583 11*

197 688 379 777 diuitinis
413 692 602 796 morbis,
639 719 752 800 quos
787 696 1032 782 misericor·
1086 696 1382 783 enumerando
1396 698 1623 786 sufficere?
1650 698 1741 786 Sed
1753 700 1919 786 intueo·
2031 673 2036 686 ’

196 801 293 888 dias
327 805 508 891 Domini
542 808 817 915 appellabat,
860 809 1033 896 fortiter
1085 836 1183 894 mur
1198 810 1320 917 quod
1338 811 1398 897 ait
1411 809 1530 897 idem
1544 811 1807 924 Apostolus:
1823 810 1939 897 Ple·-

197 916 412 1021 toleratis,
426 921 712 1008 sacramentis
724 927 931 1025 munitus,
944 924 1033 1009 Ro·
1086 921 1241 1009 nitido
1259 923 1370 1028 legis
1390 925 1562 1010 caritas.

195 1054 283 1114 mae
305 1031 421 1117 inter
443 1033 704 1120 suavissima
727 1034 754 1120 J
755 1060 851 1138 esu,
876 1045 921 1122 et
942 1037 1032 1121 Ma·
1144 1040 1196 1146 ll.
1215 1036 1307 1122 Iste
1326 1045 1396 1122 est
1416 1037 1503 1143 qui.

195 1145 276 1227 riae
306 1145 505 1246 nomina,
540 1145 598 1232 ad
632 1171 686 1232 ea
716 1147 871 1246 verba,
901 1148 1033 1251 Mitis,
1379 1154 1533 1238 Lectio
1553 1156 1639 1238 viii.

195 1264 332 1362 atque
376 1256 561 1344 festivus
601 1257 764 1346 Christi
799 1260 906 1346 lesu
950 1261 1033 1348 tibi
1213 1261 1366 1367 iergo
1395 1263 1672 1367 coritasest,
1704 1267 1920 1373 quidest

195 1369 405 1475 aspectus
419 1375 643 1477 appareat,
664 1398 750 1480 qua
763 1373 1035 1481 praedixerat
1208 1375 1330 1482 quod
1347 1376 1492 1484 possit
1515 1373 1696 1463 deesse?
1738 1379 1824 1465 Ubi
1846 1408 1919 1466 au·

194 1479 307 1566 hora
321 1480 592 1571 obdormivit
606 1485 651 1568 in
664 1483 870 1589 Domino,
887 1486 1033 1596 pridie
1084 1496 1177 1573 tem
1192 1514 1282 1573 non
1301 1498 1386 1591 est,
1406 1487 1514 1597 quid
1533 1500 1617 1591 est,
1638 1492 1758 1598 quod
1775 1495 1922 1601 possit

194 1593 305 1679 Idus
329 1594 450 1697 Julii,
477 1623 593 1683 anno
619 1599 774 1685 salotis
797 1600 1032 1687 millesimo
1084 1599 1325 1708 prodesse?
1366 1602 1555 1688 Daemon
1578 1602 1734 1707 credit,
1757 1631 1840 1694 nec
1858 1604 1920 1693 di·

195 1710 520 1795 sexcentesimo
540 1709 714 1797 docimo
735 1723 906 1819 quarto,
930 1719 1032 1801 aeto·
1085 1712 1196 1816 ligit:
1220 1739 1351 1802 nemo
1370 1713 1531 1822 diligit,
1557 1717 1744 1823 quinon
1768 1719 1920 1805 credit

195 1819 255 1905 tis
281 1845 375 1906 suae
398 1824 674 1926 sexagesimo
701 1825 873 1932 quint03
901 1853 1034 1935 quem
1085 1826 1268 1914 Frustra
1287 1827 1482 1936 quidem,
1506 1830 1587 1916 sed
1605 1839 1751 1916 tamen
1804 1842 1921 1918 otest

196 1932 398 2040 pluribus
415 1935 633 2023 illustrem
650 1937 874 2024 miraculis
893 1940 1033 2026 Bene·
1086 1945 1267 2047 sperdre
1302 1941 1495 2045 uoniam,
1532 1943 1608 2050 qui
1641 1955 1732 2029 non
1799 1944 1921 2050 ligit:

197 2043 352 2132 dictus·
372 2045 801 2157 decimusquartus,
827 2052 1033 2139 Pontifex
1085 2079 1216 2140 nemo
1234 2064 1384 2146 autem
1398 2065 1554 2176 potest
1571 2056 1821 2164 desperare,
1846 2061 1921 2165 qui

195 2157 432 2292 Misimus,
458 2163 646 2249 solemni
669 2165 756 2252 ritu
778 2171 1032 2253 sanctorum
1085 2167 1240 2274 diligit.
1280 2168 1439 2277 Itaque
1457 2168 1534 2255 ubi
1555 2169 1735 2257 dilectio
1752 2180 1836 2274 est,
1858 2171 1920 2258 ibi

197 2271 323 2357 lasbs
341 2272 590 2384 adscripsit
1054 2381 1057 2390 g
1084 2281 1340 2366 necessario
1370 2280 1503 2382 fides,
1540 2292 1585 2369 et
1616 2309 1739 2390 spes:
1770 2294 1816 2369 et
1845 2284 1921 2371 ubi

258 2398 310 2502 lo.
327 2395 420 2483 Iste
437 2396 585 2484 homo.
1086 2393 1267 2480 dilectio
1305 2394 1517 2502 proximi,
1561 2394 1624 2481 ibi
1667 2397 1920 2483 necessario

430 2552 479 2632 In
497 2551 569 2632 m·
589 2551 812 2632 Nocturna
1085 2507 1219 2638 otiam
1242 2504 1422 2593 dilectio
1445 2508 1542 2593 Dei.
1582 2507 1668 2612 Qui
1691 2509 1809 2642 enim
1832 2534 1923 2595 non

204 2681 360 2768 Lectio
378 2684 520 2770 sancti
538 2685 768 2792 Evangelii
789 2685 1033 2774 secundum
1085 2616 1922 2842 fflffiffssffdffinffisfflfflqffl

394 2910 403 2926 .
487 2797 728 2928 ..hannem
821 2937 830 2954 ,
926 2911 943 2949 ‚.
1086 2843 1328 2951 doquidem
1351 2869 1442 2932 non
1466 2845 1610 2949 diligit
1632 2857 1677 2932 et
1703 2797 1923 2954 seipsum?

279 2909 434 3050 Ῐῇθοῃο
455 2937 523 2992 ln·
668 3033 724 3053 ,,
783 2909 886 3016 Cdp·
902 2913 960 3054 Ῑῗ·
1005 3039 1016 3060 ,
1085 2955 1167 3041 Εεῖ
1186 2957 1351 3065 quippe
1369 2957 1541 3064 impius,
1566 2967 1612 3044 et
1628 2957 1819 3066 iniquus:
1837 2959 1923 3063 Qui

197 3020 275 3235 In
291 3031 370 3116 rllo
388 3035 604 3139 tompore:
622 3034 746 3121 Dmt
759 3034 786 3120 J
787 3061 888 3121 esus
904 3035 1032 3122 discr·
1086 3078 1234 3155 autem
1253 3069 1396 3175 dih-git
1414 3071 1704 3178 iniquitatem,
1722 3097 1814 3156 „011
1830 3072 1922 3181 pla.

271 3143 390 3250 pulis
409 3145 521 3277 Βῑῑῑθξ
540 3145 646 3278 ,Ηθῆ
667 3156 736 3233 est
756 3149 1034 3280 Pfaeoepssum
1086 3208 1141 3267 ne
1163 3181 1316 3286 diligit,
1335 3180 1417 3269 sed
1435 3179 1532 3268 odit
1550 3184 1741 3269 onimam
1760 3210 1898 3269 suam.

198 3281 365 3359 meum,
397 3266 447 3343 ut
478 3256 671 3364 dmgans
703 3265 891 3346 invrcem
919 3270 1035 3345 sicut
1147 3297 1199 3400 R,
1215 3294 1311 3378 Sint
1329 3294 1479 3381 lumbi,

198 3367 333 3454 dilexi
351 3394 444 3457 vos.
470 3370 530 3456 Et
547 3373 729 3480 reliqua.
1397 3406 1549 3491 Lectio
1570 3408 1626 3488 ix.

247 3517 437 3605 Homilia
453 3519 495 3605 S.
514 3519 750 3623 Augustini
767 3519 992 3627 Episcopi.
1184 3542 1243 3603 oc
1277 3543 1385 3624 ergo
1430 3525 1708 3629 praeceptum
1743 3522 1924 3607 Domini

337 3641 464 3712 Truct.
479 3641 535 3712 83.
553 3641 593 3710 in
609 3642 757 3728 Evang.
773 3640 912 3710 Joann.
1206 3635 1449 3734 tenedmus,
1466 3641 1517 3719 ut
1529 3657 1613 3718 nos
1626 3634 1816 3720 invicem
1830 3634 1923 3721 dili·

357 3745 1036 3854 'dputomusfratresmeimum-
1086 3749 1259 3848 gamus3
1288 3753 1335 3829 et
1363 3742 1580 3851 quidquid
1612 3745 1732 3832 aliud
1758 3751 1923 3854 praeco·

344 3858 554 3967 quidnam
580 3859 726 3946 solum
749 3861 842 3965 ejus
868 3858 925 3945 de
949 3860 1036 3944 ista
1086 3857 1170 3963 pit,
1201 3857 1431 3942 faciemus:
1464 3859 1673 3964 quoniam
1706 3858 1924 3966 quidquid

343 3972 581 4060 dilectione
591 3971 849 4060 mandatum
857 3980 937 4074 θεῖ,
948 3997 1035 4079 qua
1088 3980 1156 4056 est
1174 3968 1312 4072 aliud,
1337 3968 1409 4054 hic
1432 3969 1658 4057 habemus.
1701 3971 1923 4058 Discerni-

200 4085 422 4190 diligimus
448 4084 663 4172 invicem?
708 4085 868 4172 Nonne
895 4094 1036 4172 estet
1087 4094 1160 4169 tur
1178 4085 1345 4192 quippe
1367 4083 1454 4168 ista
1476 4083 1657 4171 dilectio
1680 4083 1737 4170 ab
1762 4083 1838 4168 illa
1862 4083 1923 4169 di·

199 4197 321 4285 oliud
344 4199 502 4304 majus,
530 4207 580 4284 ut
607 4197 841 4301 diligemus
864 4195 1034 4282 Deum?
1086 4195 1297 4299 lectione,
1330 4221 1417 4305 qua
1444 4220 1495 4281 se
1520 4197 1709 4283 invicem
1737 4195 1926 4302 diligrmt

198 4312 291 4397 Aut
308 4335 417 4397 vero
441 4311 499 4397 de
522 4310 619 4396 sola
636 4310 759 4397 Deus
782 4308 911 4396 nobis
930 4308 1035 4395 dile·
1086 4307 1303 4394 homines:
1320 4334 1423 4393 nam
1437 4316 1485 4392 ut
1498 4306 1832 4410 discemerotur,
1849 4306 1924 4394 ad·

199 4423 345 4510 ctione
362 4423 602 4525 mandavit,
619 4431 670 4511 ut
685 4423 771 4510 alia
789 4448 879 4509 non
892 4422 1035 4528 requi·
1086 4425 1285 4528 jdnctum
1308 4430 1392 4508 est:
1419 4421 1544 4509 Sicut
1568 4421 1703 4508 dilexi
1727 4447 1820 4507 vos.
1864 4421 1925 4507 Ut

198 4533 374 4622 ramus?
402 4535 509 4622 Tria
527 4546 648 4622 certe
666 4536 900 4623 comendat
914 4539 1035 4642 Apo·
1089 4533 1197 4643 quid
1215 4535 1332 4621 enim
1350 4534 1493 4641 diligit
1509 4559 1593 4620 nos
1609 4535 1822 4636 Christus,
1838 4533 1925 4619 nisi

199 4649 352 4753 stolus,
371 4647 538 4737 dicens:
555 4649 736 4735 Manent
750 4660 898 4737 autem
911 4648 1035 4751 fides,
1088 4658 1138 4733 ut
1154 4651 1341 4753 regnare
1362 4651 1584 4757 possimus
1604 4673 1705 4733 cum
1724 4647 1925 4734 Christo?

22 4791 28 4798 ·
200 4787 320 4870 spes,
346 4765 524 4866 coritas,
551 4765 637 4848 tria
661 4763 773 4848 haec:
797 4766 936 4869 major
962 4789 1034 4850 au·
1088 4759 1164 4847 Ad
1188 4760 1274 4847 hoc
1302 4785 1409 4865 ergo
1438 4771 1483 4847 et
1509 4786 1592 4849 nos
1615 4761 1806 4846 invicem
1830 4760 1924 4846 dili·

199 4887 291 4961 tem
314 4875 474 4961 horum
500 4875 675 4962 caritas.
714 4874 773 4960 Et
796 4875 834 4961 si
857 4875 903 4960 in
929 4876 1035 4962 cari·
1087 4877 1264 4978 gamus,
1309 4883 1359 4958 ut
1399 4872 1683 4961 dilectionem
1725 4883 1924 4980 nostram

198 4992 309 5091 tate,
333 4987 421 5076 hoc
439 4990 571 5076 estin
588 4987 843 5092 dilectione,
861 4989 1035 5076 conclu·
1089 4984 1391 5072 discernimus
1417 5013 1443 5072 a
1461 4987 1639 5090 ceteris,
1665 4987 1742 5094 qui
1758 5011 1849 5072 non
1867 4985 1925 5071 ad

200 5099 365 5188 dimtur
391 5102 482 5188 duo
512 5103 589 5188 illa
618 5106 866 5212 praecopta,
897 5105 1037 5208 major
1088 5099 1176 5186 hoc
1190 5099 1441 5186 seinvicem
1456 5097 1653 5204 diligunt
1678 5099 1764 5203 Qui
1776 5108 1925 5187 autem

200 5225 348 5301 tamen
369 5212 488 5303 dicta
506 5225 575 5303 est
596 5239 706 5317 esse,
724 5241 813 5304 non
832 5216 940 5303 sola.
967 5216 1036 5302 De
1088 5238 1137 5298 se
1164 5222 1351 5319 propter
1377 5210 1631 5299 habendum
1656 5213 1804 5298 Deum
1831 5210 1925 5296 dili·

199 5325 290 5414 iide
306 5329 441 5432 igitur
456 5329 585 5416 nobis
609 5353 744 5435 quam
761 5328 900 5416 multa
918 5353 1036 5414 man·
1087 5336 1212 5431 gunt,
1243 5325 1330 5432 ipsi
1356 5349 1405 5410 se
1432 5323 1635 5428 diligunt;
1666 5349 1773 5430 ergo
1799 5332 1849 5409 ut
1875 5347 1925 5409 se

201 5438 306 5526 dota
342 5449 465 5542 sunt,
500 5465 633 5549 quam
669 5441 809 5527 multa
845 5443 902 5527 de
936 5466 1036 5548 spe:
1089 5438 1291 5546 diligant,
1313 5437 1458 5523 Deum
1484 5436 1682 5542 diligrmt
1725 5437 1767 5522 N
1770 5461 1829 5522 on
1856 5447 1926 5523 est

202 5553 300 5658 quis
324 5562 477 5662 potest
500 5563 660 5639 cuncta
684 5553 910 5658 colligere,
938 5555 1038 5662 quis
1088 5552 1186 5640 haec
1207 5550 1387 5639 dilectio
1410 5551 1456 5635 in
1475 5551 1696 5637 omnibus:
1718 5549 1850 5659 pauci
1876 5574 1926 5636 se

1925 5977 1992 6040 iti
