4290 6188
765 511 881 582 Festa
905 509 1116 582 Februarii.
1141 511 1217 596 (27.)

136 695 244 783 adeo
272 698 475 806 proiecit,
507 709 552 784 et
581 701 626 784 in
654 703 774 786 omni
799 705 960 808 genere
1013 704 1248 812 quentibus
1276 705 1476 814 epistolis
1502 706 1624 792 illum
1651 706 1838 793 honora·

135 810 360 912 virtotum,
396 811 643 920 diuumque
679 825 723 900 et
758 813 960 902 humanis
1011 818 1138 922 verit,
1161 818 1300 905 libros
1321 819 1367 902 in
1383 819 1409 902 J
1411 819 1487 921 ob,
1514 845 1626 927 quos
1644 819 1707 904 illi
1724 819 1839 906 dica·

133 923 287 1010 litteris
318 931 584 1034 conspicuus
617 929 777 1032 evasit,
807 939 856 1016 ut
882 931 959 1015 Isi·
1011 932 1091 1033 vit,
1113 957 1200 1016 una
1221 957 1320 1017 cum
1337 932 1574 1037 Pastorali,
1596 931 1665 1018 his
1682 933 1841 1020 litteris

133 1033 265 1123 dorus
283 1043 517 1142 germanus
530 1065 636 1124 suus
655 1039 713 1127 ad
727 1041 959 1128 Claudium
1010 1043 1320 1133 benevolentia
1367 1046 1532 1154 plenis,
1585 1045 1643 1134 ad
1695 1047 1840 1153 ipsum

133 1151 288 1237 ducem
305 1151 362 1238 de
382 1151 647 1259 quibasdam
665 1155 878 1259 articulis,
902 1156 959 1243 ad
1010 1159 1317 1244 transmiserit:
1362 1161 1537 1263 Quanto
1582 1159 1742 1246 ardore
1779 1161 1839 1246 vi·

131 1261 262 1350 fidem
275 1265 607 1374 pertinentibus,
622 1271 842 1355 instruens
855 1275 959 1355 scri·
1011 1269 1116 1356 dere
1138 1281 1185 1358 te
1203 1273 1364 1374 sitiam,
1389 1274 1492 1379 quia
1509 1272 1640 1361 valde
1655 1297 1727 1360 me
1747 1272 1839 1360 dili·

130 1378 283 1484 pserit:
304 1378 525 1466 Memento
550 1383 796 1467 communis
817 1383 959 1472 nostri
1009 1383 1090 1489 gis,
1106 1384 1152 1471 in
1170 1385 1236 1471 tui
1253 1385 1416 1473 tabulis
1435 1383 1583 1472 cordis
1600 1386 1736 1491 leges3
1761 1387 1842 1473 sed

131 1490 325 1579 doctoris
345 1493 546 1596 Leandri,
569 1503 614 1580 et
633 1496 725 1601 eius
744 1494 879 1582 fidem
897 1508 958 1583 at·
1011 1499 1114 1604 quia
1131 1499 1267 1604 longo
1283 1503 1500 1585 terrarum
1516 1500 1662 1608 spatio
1682 1499 1841 1606 disjun-

132 1633 212 1715 que
230 1607 479 1692 doctrinam
492 1632 576 1717 pro
592 1608 758 1726 viribus
777 1610 958 1698 imitare.
1010 1621 1184 1698 ctumte
1195 1612 1347 1701 videre
1358 1616 1543 1722 neque0,
1558 1638 1703 1714 unum,
1719 1613 1841 1720 quod

129 1721 212 1807 Sed
232 1719 375 1806 noluit
392 1721 515 1807 Deus
539 1731 630 1807 tam
652 1722 958 1831 splendentem
1009 1723 1116 1808 mibi
1134 1723 1189 1810 de
1212 1735 1258 1811 te
1277 1725 1462 1811 dictavit
1479 1724 1654 1828 caritas,
1676 1725 1773 1830 fuit,
1792 1738 1842 1813 ut

129 1834 304 1942 pietatis
335 1845 380 1921 et
410 1835 625 1922 doctrinae
654 1835 880 1922 lucernam
913 1838 958 1920 in
1009 1837 1170 1924 librum
1199 1839 1384 1944 Regulae
1413 1839 1677 1940 Pastoralis,
1710 1863 1841 1945 quem

130 1948 303 2034 occulto
323 1947 596 2052 delitescere,
621 1948 763 2036 sedin
781 1949 957 2054 fastigio
1008 1951 1053 2034 in
1071 1951 1357 2061 episcopatus
1370 1950 1459 2038 mei
1473 1951 1656 2038 exordio
1671 1952 1841 2060 scripsi,

129 2061 337 2147 Ecclesiae
360 2062 570 2171 positam,
592 2061 823 2171 Hispaniae
845 2087 957 2171 prae·
1009 2073 1054 2149 et
1089 2063 1247 2166 libros,
1288 2090 1402 2173 quos
1436 2066 1481 2149 iu
1517 2064 1840 2173 expositionem

129 2175 289 2262 lucere:
312 2201 414 2261 nam
434 2176 552 2262 clero
573 2187 617 2263 et
634 2176 803 2286 populo
824 2199 956 2286 expo·
1008 2177 1130 2264 beati
1155 2179 1241 2265 Job
1268 2179 1354 2285 jam
1383 2176 1549 2266 dudum
1580 2203 1651 2264 me
1683 2177 1840 2264 fecisse

130 2293 291 2392 scente,
315 2291 626 2377 amonasterio
650 2289 843 2392 avulsus,
869 2293 957 2399 epi·
1009 2295 1267 2397 cognovisti,
1287 2293 1509 2380 sanctitati
1523 2303 1684 2378 vestrae
1701 2301 1839 2378 trans·

130 2428 288 2512 scopus
308 2402 584 2514 Hispalensis
603 2407 778 2490 creatus
796 2411 876 2489 est.
1008 2410 1183 2493 mittere
1202 2407 1459 2493 curaverim.

182 2519 232 2626 lt.
253 2517 409 2601 Inveni
425 2516 582 2603 David.
1067 2519 1120 2624 lt.
1136 2520 1272 2606 Posui
1291 2519 1566 2627 adjutorium.

441 2629 594 2714 Lectio
614 2658 653 2713 v.
1317 2635 1469 2720 Lectio
1489 2637 1542 2718 vi.

134 2729 426 2947 susceptam
449 2745 682 2829 ecclesiam
707 2743 826 2828 omni
852 2770 958 2830 cura
1083 2757 1213 2834 aneto
1238 2773 1342 2852 ergo
1367 2748 1560 2856 praesule
1585 2775 1678 2834 suae
1703 2751 1839 2836 eccle-

227 2883 282 2944 ac
334 2857 629 2944 sollicitudine
677 2856 957 2964 gubernavit:
1104 2861 1182 2946 siae
1202 2863 1420 2964 restituto,
1434 2861 1514 2964 ‚vix
1529 2863 1725 2947 enarrari
1737 2888 1839 2972 pos·

129 2971 230 3057 cleri
258 2981 304 3059 et
334 2971 491 3080 populi
521 2996 669 3058 mores
701 2969 760 3058 ad
790 2981 958 3057 aretam
1009 2985 1128 3078 sunt,
1151 3000 1253 3083 quae
1274 3000 1358 3083 pro
1383 2976 1522 3080 gloria
1539 2976 1640 3078 Dei,
1666 3001 1841 3085 proque

129 3083 401 3195 disciplinam
418 3083 627 3172 traduxit:
646 3085 860 3171 solemnia
876 3087 956 3170 Ec·
1009 3087 1272 3174 eliminanda
1296 3088 1456 3174 haeresi
1480 3089 1646 3175 Ariana
1668 3089 1839 3175 labora·

130 3197 273 3285 clesiae
301 3198 477 3301 officia,
490 3197 790 3306 hymnodiam,
817 3224 956 3285 sacrae
1008 3202 1081 3287 vit
1135 3202 1524 3306 Hermenegildum
1560 3204 1675 3287 enim
1706 3205 1839 3311 nepo-

128 3310 273 3398 llissae
292 3314 418 3414 ritus,
435 3317 698 3422 precesque,
722 3311 882 3419 quibus
901 3336 956 3397 eo
1007 3323 1099 3402 tem
1116 3341 1261 3419 suum,
1284 3315 1532 3420 Leovigildi
1553 3317 1671 3420 regis
1692 3315 1841 3416 filium,

129 3429 328 3537 tempore
347 3450 499 3512 omnes
513 3426 741 3535 Hispaniae
756 3424 957 3511 ecclesiae
1008 3427 1285 3515 sermonibus
1310 3430 1400 3513 suis
1418 3427 1536 3515 haud
1555 3429 1699 3514 solum
1718 3428 1776 3514 ad
1792 3429 1840 3513 fi·

130 3539 379 3642 utebantur,
410 3539 632 3626 ordinavit
658 3549 704 3626 et
731 3539 864 3624 auxit.
915 3537 958 3624 A
1010 3541 1081 3628 dei
1099 3543 1421 3629 confessionem
1439 3541 1658 3648 perduxit,
1682 3538 1774 3644 sed,
1791 3551 1841 3628 ut

129 3652 434 3762 persequenda
460 3653 628 3739 Ariana
654 3652 814 3738 haeresi
843 3677 956 3761 prae·
1007 3656 1205 3761 glorioso
1219 3655 1444 3760 sanguinis
1454 3655 1707 3740 testimonio
1722 3655 1842 3756 illam

131 3764 347 3854 dicatione
373 3792 613 3873 numquam
641 3763 821 3852 destitit.
863 3765 956 3851 Mo·
1009 3769 1307 3870 confirmaret,
1330 3769 1518 3875 adeptus
1537 3768 1628 3853 fuit
1667 3767 1840 3853 Inflam-

131 3882 344 3966 nasticum
385 3879 586 3965 ordinem
621 3877 957 3964 Benedictinum
1007 3888 1154 3968 matus
1180 3881 1329 3968 lurore
1354 3893 1483 3991 pater
1508 3880 1554 3967 in
1577 3878 1841 3984 Leandrum,

130 3993 397 4103 amplificare
419 3991 465 4078 in
487 3993 703 4102 Hispania
726 3992 880 4100 coepit,
905 4015 958 4078 ac
1009 3997 1115 4082 etin
1137 4021 1292 4082 omnes
1315 3995 1461 4084 adhuc
1480 3995 1705 4097 ecclesias,
1730 4001 1840 4080 exsi-
2019 4050 2025 4066 .

130 4108 269 4193 sorori
314 4133 408 4192 suae
447 4107 716 4194 Florentinae
761 4105 958 4210 regulam
1008 4111 1069 4196 lio
1094 4136 1195 4196 eum
1213 4110 1458 4210 muletavit,
1482 4119 1527 4196 et
1544 4108 1643 4193 illas
1660 4107 1840 4194 faculta-

130 4245 208 4325 pro
243 4220 520 4307 institutione
554 4219 786 4324 Virginum
823 4216 957 4304 dedit
1008 4221 1129 4310 tibus
1165 4233 1210 4309 et
1242 4221 1497 4331 pastoribus
1530 4220 1711 4307 orbatas
1744 4222 1841 4306 reli·

131 4333 208 4418 His
232 4343 279 4420 et
297 4333 395 4418 aliis
411 4334 520 4420 mire
539 4334 692 4438 gestis,
711 4331 957 4417 Constanti·
1011 4337 1115 4443 quit.
1146 4335 1243 4420 Nec
1259 4345 1410 4422 tamen
1429 4334 1599 4420 destitit
1618 4359 1718 4419 eum
1734 4334 1842 4419 fidei

131 4447 323 4554 nopolim
354 4473 438 4556 pro
467 4448 611 4533 causis
636 4445 743 4531 fidei
768 4445 977 4548 Wisigo·.
1009 4447 1211 4536 hostibus
1234 4448 1373 4534 libere
1392 4445 1632 4534 decertare
1670 4447 1722 4530 In
1740 4447 1840 4555 ipso

130 4559 303 4646 thorum
324 4561 496 4666 legatus
520 4561 748 4670 proiectus
773 4571 856 4662 est,
882 4557 959 4643 ubi
1009 4561 1228 4670 siquidem
1241 4561 1407 4664 exsilio,
1425 4571 1475 4647 ut
1488 4559 1624 4647 frater
1643 4585 1749 4644 suus
1762 4560 1841 4644 Isi·

133 4670 187 4759 ob
209 4676 413 4760 eximiam
439 4675 697 4779 religionem
723 4682 768 4758 et
796 4671 956 4756 doctri·
1010 4675 1146 4761 dorus
1166 4679 1372 4776 testatiu,
1397 4674 1510 4760 duos
1533 4671 1673 4758 libros
1699 4673 1841 4762 erudi·

132 4811 227 4874 nam
241 4789 360 4896 apud
374 4801 575 4875 sanctum
587 4787 862 4892 Gregorium,
878 4787 959 4869 Ro
1008 4789 1177 4876 tissime
1220 4793 1473 4874 sanctarum
1515 4786 1841 4893 Scriptiuarum

133 4903 246 4986 mani
259 4901 487 4990 Pontificio
501 4901 835 5011 apocrisarium
852 4907 960 4986 tunc
1009 4900 1250 4988 ditissimos
1279 4902 1473 5011 scripsit,
1504 4900 1663 5010 quibus
1687 4904 1840 4985 eorum

134 5011 189 5098 ibi
219 5013 472 5121 degentem,
507 5018 619 5102 tanti
652 5015 830 5101 habitus
865 5013 958 5114 fuit,
1007 5013 1241 5124 perfidiam
1259 5014 1513 5101 confutavit.
1549 5011 1729 5097 Annuit
1747 5021 1839 5097 tan·-

134 5133 337 5237 tantaque
368 5131 561 5218 amicitia
590 5129 655 5214 illi
688 5130 957 5235 conjonctus,
1009 5127 1111 5213 dem
1142 5128 1355 5214 Ecclesiae
1386 5138 1490 5236 post
1523 5125 1643 5210 illam
1676 5123 1839 5210 nubem

134 5253 179 5326 ut
219 5241 278 5330 ad
312 5244 560 5330 Romanam
595 5243 756 5329 Sedem
800 5244 958 5349 postea
1009 5244 1165 5350 optata
1195 5241 1420 5327 serenitas.
1472 5239 1571 5324 Rex
1599 5238 1840 5324 enimcum

134 5361 376 5460 promotus,
402 5381 502 5444 cum
525 5357 729 5444 Leander
751 5357 796 5440 in
820 5354 956 5440 eccle·
1006 5355 1052 5439 in
1069 5353 1274 5441 morbum
1291 5353 1530 5454 incidisset,
1549 5351 1634 5438 sub
1650 5359 1838 5436 mortem

136 5471 240 5556 siam
275 5497 399 5558 suam
434 5475 520 5579 jam
555 5472 710 5556 fuisset
743 5473 957 5569 reversus,
1007 5469 1053 5551 in
1088 5467 1316 5554 meliorem
1351 5475 1562 5568 mentem,
1598 5463 1716 5568 (licet
1750 5488 1839 5547 non

135 5583 249 5688 pallii
294 5589 599 5674 ornamentum
643 5585 831 5685 miserit,
874 5582 955 5667 ire·
1007 5593 1057 5668 ut
1073 5580 1327 5690 oportebat)
1349 5583 1571 5680 reversus,
1587 5574 1839 5664 Leandrum
