4322 6182
297 485 366 560 θ’
681 501 798 573 Sexta
824 503 885 572 dic
909 501 1010 571 infra
1034 502 1114 570 Oct.
1140 499 1175 571 S.
1199 499 1398 569 Francisci
1424 499 1470 568 dc
1493 498 1625 568 Paula.

299 680 489 785 flagrans
512 678 763 781 virtdtibus,
791 677 988 785 abjectus
1015 676 1128 764 aesti·
1181 675 1284 781 ejus,
1303 672 1481 782 quando
1500 675 1664 763 sederit
1683 702 1782 764 cum
1800 683 2010 766 senatori·

298 796 453 878 matun
493 791 582 878 Sed
604 799 837 900 usquequo
854 791 1025 900 lampas
1043 791 1129 876 ista
1180 788 1264 875 bus
1281 799 1423 875 terrae.
1462 790 1580 874 Hinc
1598 790 1739 876 Isaias
1763 793 1839 878 ait:
1862 795 2010 880 Domi·

298 903 615 992 contemnitur?
634 912 867 1013 dsquequo
883 904 1128 1013 despicitbi·
1181 930 1265 989 nus
1283 901 1340 990 ad
1360 900 1570 1010 iudicium
1588 906 1735 991 veniet
1752 932 1853 993 cum
1871 909 2010 994 senio·

296 1019 351 1104 lis
384 1019 596 1106 habetem?
626 1018 841 1126 numquid
871 1044 961 1105 non
990 1019 1128 1124 fulgo-
1180 1017 1302 1104 ribus
1319 1017 1476 1127 pdpuli
1494 1018 1573 1104 sui.
1612 1019 1730 1106 Hinc
1747 1019 1929 1108 eosdem
1948 1049 2011 1108 se·

297 1159 391 1220 rem
428 1158 555 1218 suum
596 1133 845 1219 nullatenus
881 1132 1049 1235 exerit,
1085 1143 1130 1220 et
1180 1134 1329 1219 nidres
1358 1132 1538 1219 Veritas
1573 1158 1662 1219 non
1696 1136 1782 1240 jam
1811 1135 2012 1239 famulos,

296 1272 536 1355 numquam
578 1255 741 1354 quanta
758 1321 762 1332 .
785 1246 986 1332 claritate
1030 1251 1128 1332 can·
1182 1247 1262 1333 sed
1281 1250 1447 1334 amicos
1465 1246 1704 1352 denuntiat,
1725 1248 1892 1335 dicens:
1910 1250 2013 1337 Non

297 1361 422 1464 deat,
458 1356 681 1446 ostendit?
736 1357 942 1447 Ostendit
978 1358 1128 1468 plane3
1180 1363 1267 1468 jam
1290 1360 1434 1447 dicam
1452 1386 1535 1447 vos
1553 1387 1724 1465 servos,
1747 1365 1828 1450 scd
1845 1370 2012 1452 amicos

296 1502 399 1563 nam
430 1474 633 1583 protinus
661 1472 854 1560 Additur:
884 1475 1044 1561 Parita
1072 1474 1129 1561 ad
1180 1500 1316 1561 meos.
1345 1477 1467 1578 Quos
1480 1475 1715 1561 Psalmista
1731 1481 1918 1582 intuens,
1937 1481 2012 1565 ait:

295 1601 473 1698 tempus
488 1593 711 1675 statutum.
727 1587 950 1673 Statdtum
963 1587 1129 1696 quippe
1181 1588 1288 1674 Mihi
1323 1599 1470 1676 autem
1504 1590 1633 1674 nimis
1669 1589 1875 1679 honorati
1912 1605 2012 1678 sunt

298 1707 567 1811 contemptae
593 1701 812 1808 lampadis
839 1710 1033 1810 tempus,
1061 1711 1128 1788 est
1182 1703 1310 1787 amici
1327 1703 1404 1806 tui,
1416 1703 1555 1790 ¹Deus.
1588 1701 1910 1805 Quorumdam
1929 1706 2011 1791 cel-

298 1817 484 1903 extremi
496 1815 645 1922 judicii
662 1813 1004 1923 praedertinatus
1024 1815 1130 1919 dies,
1182 1815 1419 1901 situdinem
1442 1815 1591 1906 cordis
1610 1821 1838 1926 aspiceret,
1860 1819 2012 1904 mundi

299 1955 387 2038 quo
415 1932 554 2037 justus
579 1929 783 2038 quisque,
812 1929 887 2036 qui
912 1955 1029 2014 nunc
1056 1929 1128 2014 de·
1181 1929 1366 2034 gloriam
1389 1954 1477 2037 qua
1502 1932 1623 2017 calce
1650 1933 1886 2036 calcarent,
1914 1939 2012 2041 pro·

297 2045 498 2152 spicitur,
527 2052 689 2152 quanta
714 2045 936 2151 potestdte
963 2040 1130 2147 fulgeat
1180 2043 1298 2130 tinus
1334 2043 1524 2131 addidit:
1563 2045 1706 2131 Nimis
1739 2047 2013 2134 confortatus

298 2155 638 2245 demonstratur.
1087 2265 1089 2272 y
1183 2166 1251 2243 est
1267 2157 1539 2266 principatus
1558 2163 1723 2245 eorum.
1748 2161 1817 2246 Ac
1834 2187 1890 2246 ne
1909 2188 2012 2270 pau·

350 2281 403 2383 lq.
427 2272 676 2357 Honestum
694 2269 809 2357 fecit.
1182 2295 1260 2356 cos
1288 2296 1386 2358 esse
1413 2270 1712 2377 crederemus,
1740 2299 1853 2381 quos
1880 2276 2012 2383 profi·

606 2389 759 2474 Lectio
779 2419 817 2470 v.
1182 2409 1282 2470 cere
1301 2411 1443 2492 usque
1460 2385 1518 2470 ad
1532 2412 1747 2472 summam
1765 2398 1901 2474 tantae
1916 2414 2013 2497 per·

298 2497 464 2708 Tunc
487 2499 603 2584 enim
627 2523 728 2582 cum
744 2494 843 2582 Deo
869 2493 1035 2602 judices
1060 2499 1129 2582 ve·
1181 2496 1384 2583 sectionis
1407 2499 1701 2605 agnoscimus,
1724 2501 1842 2587 illico
1866 2501 2012 2609 adjun-

309 2619 313 2630 '
409 2614 550 2715 niunt,
584 2611 660 2718 qui
687 2637 801 2696 nunc
828 2635 912 2719 pro
942 2612 1041 2697 Deo
1068 2611 1128 2695 in·
1181 2613 1264 2698 xit:
1282 2611 1582 2699 Dinumerabo
1600 2639 1690 2716 eos,
1709 2622 1754 2699 et
1771 2640 1905 2724 super
1923 2619 2013 2700 ard·

297 2729 408 2834 juste
431 2726 688 2833 judicantur.
728 2725 855 2811 Tunc
880 2729 1039 2824 eorum¹
1054 2725 1130 2810 lux
1181 2753 1283 2812 nam
1295 2726 1712 2835 multiplicabuntur.
1732 2730 1852 2831 Quot
1864 2735 2014 2837 itaque

297 2850 422 2926 tanto
458 2840 590 2927 latius
627 2840 805 2942 emicat,
850 2849 1015 2946 quanto
1052 2865 1130 2926 eos
1180 2865 1297 2925 nunc
1322 2866 1405 2950 pro
1431 2844 1581 2926 amore
1607 2843 1807 2928 veritatis
1838 2868 1936 2928 sese
1966 2843 2013 2927 li·

297 2978 414 3039 nunc
430 2980 587 3038 manus
603 2954 962 3062 persequentium
979 2953 1130 3039 durius
1181 2952 1338 3039 benter
1360 2954 1606 3058 humiliant,
1630 2965 1700 3042 tot
1721 2966 1828 3041 tunc
1844 2957 1889 3040 in
1908 2955 2012 3062 judi·

299 3074 517 3173 angdstat.
555 3066 682 3153 Tunc
708 3066 1000 3175 reproborum
1030 3072 1130 3153 dcu·
1183 3067 1251 3152 cio
1269 3066 1500 3177 lampades
1519 3076 1763 3155 coruscant.

297 3180 352 3265 lis
370 3184 580 3288 patescet,
605 3179 727 3288 quod
749 3179 919 3266 coelesti
937 3184 1128 3288 potesta·
1238 3201 1290 3305 lq,
1310 3191 1402 3278 Iste
1420 3191 1565 3278 homo.

298 3304 343 3380 te
363 3293 537 3380 subnixi
555 3303 672 3398 sunt,
698 3295 775 3401 qui
792 3297 967 3380 terrena
985 3293 1131 3381 dmnia
1408 3367 1458 3446 In
1475 3367 1601 3446 IHN
1652 3367 1672 3446 t

300 3417 460 3515 sponte
491 3407 774 3516 reliquerunt.
818 3405 946 3492 Unde
979 3407 1130 3495 electis
1297 3486 1306 3505 ,
1494 3427 1547 3506 ,·
1603 3391 1651 3447 ⁰⁰
1674 3392 1790 3508 urffim·
1860 3497 1869 3518 ,

298 3520 475 3607 Veritas
494 3518 615 3608 dicit:
638 3520 746 3622 Vos,
772 3521 847 3627 qui
865 3521 1006 3607 secuti
1024 3523 1131 3607 estis
1184 3488 1338 3574 L⁶⁰t¹⁰
1364 3498 1506 3573 ⁵³n⁰t¹
1524 3489 1750 3595 Evanssfflfl
1773 3491 2009 3577 secundum

298 3662 384 3738 me,
408 3636 454 3719 in
475 3633 824 3740 regeneratione,
848 3659 949 3719 cum
966 3634 1131 3720 sederit
1374 3733 1382 3750 ι
1466 3735 1490 3751 ..
1510 3600 1688 3688 Lucam·

297 3749 434 3835 Filius
466 3748 655 3835 hominis
681 3749 727 3833 in
754 3746 862 3834 sede
887 3748 1131 3855 majestatis
1261 3732 1414 3864 bactro
1434 3761 1503 3817 Vll·
1651 3847 1706 3866 ..
1756 3733 1859 3837 Cap·
1879 3733 1937 3866 12,-

299 3888 409 3964 suae,
441 3862 652 3950 sedebitis
680 3872 726 3949 et
752 3889 834 3951 vos
862 3889 995 3972 super
1023 3863 1130 3948 dud·
1230 3871 1259 3927 n
1275 3845 1351 3976 1119
1370 3848 1588 3977 tempore:
1605 3847 1872 3978 DffliJeflus
1887 3845 2009 3933 dfflcf·

300 3974 443 4061 decim
462 3976 609 4078 sedes,
633 3976 876 4084 judicantes
895 3974 1132 4063 duodecim
1246 3958 1363 4066 puhs
1390 3983 1498 4043 ⁸¹¹¹&
1518 3959 1675 4091 ,N01st0
1700 3963 1856 4090 nmis?
1880 3960 2010 4090 pusss3

298 4087 439 4175 tribus
469 4088 619 4174 Israel.
670 4089 827 4200 Neque
864 4090 980 4176 enim
1014 4090 1130 4197 plus·
1182 4071 1250 4157 lus
1284 4097 1411 4176 grex,
1454 4070 1860 4203 q¹1¹³‚0,0mplf¹01111
1893 4072 2011 4158 Pam

301 4227 434 4310 quam
449 4200 684 4287 duodecim
697 4204 864 4309 jfiffices
881 4205 957 4288 ffla
973 4204 1132 4290 intem}
1182 4194 1330 4317 vestro
1354 4183 1461 4271 dare
1484 4184 1611 4272 vob1s
1635 4210 1829 4290 regnum.
1868 4186 1928 4272 Et
1948 4189 2010 4270 rd-

301 4318 538 4402 concessus
567 4317 688 4403 curia
711 4343 802 4403 non
824 4316 1023 4420 habebit,
1051 4317 1131 4405 sed
1181 4298 1313 4407 hqua·
1804 4311 1809 4322 ’

299 4428 502 4514 nimirum
516 4429 790 4517 duodenario
805 4438 989 4519 numero
1005 4437 1132 4540 quan·
1305 4437 1374 4518 De
1392 4430 1586 4515 Homilia
1605 4431 1745 4516 sancti
1762 4429 1885 4516 Petri

298 4543 405 4630 titas
423 4543 719 4631 universitatis
738 4547 1011 4655 exprimitur:
1030 4547 1132 4653 quia
1465 4542 1737 4651 Chrysdlogi.

302 4658 502 4766 quisquis
525 4658 702 4744 stimulo
727 4658 863 4745 divini
880 4659 1041 4745 amoris
1061 4685 1131 4746 ex·
1470 4673 1582 4742 Unde
1600 4693 1727 4762 supra.

302 4770 471 4875 citatus,
485 4770 557 4856 hic
570 4775 781 4880 possessa
792 4773 1028 4881 reliquerit,
1043 4773 1132 4859 illic
1310 4772 1367 4858 ali
1403 4793 1508 4876 ergo
1550 4769 1830 4879 providentia
1863 4770 2009 4855 dei-

302 4883 595 4989 proculdubio
615 4885 787 4972 culmen
802 4886 1039 4992 judiciariae
1054 4912 1131 4993 po·
1193 4870 1237 5003 ξ
1264 4884 1302 5001 ,jz
1326 4910 1423 4987 nus,
1445 4884 1629 4970 consilio
1647 4883 1741 4984 tali,
1759 4883 1864 4969 vilia
1882 4892 1927 4969 et
1945 4908 2009 4967 ca·

302 4998 477 5084 testatis
495 4997 725 5086 obtinebit.
1213 4998 1236 5039 ³
1276 5004 1277 5007 ‘
1328 4997 1441 5084 duca
1463 4999 1585 5103 jubet
1607 5006 1656 5082 ut
1677 4993 1940 5096 vendamus,
1964 5007 2012 5082 ut

357 5118 407 5221 iq.
430 5111 610 5198 Amavit
628 5137 738 5198 eum.
1182 5111 1429 5215 largiamur,
1452 5119 1502 5196 ut
1520 5110 1746 5212 donemus,
1772 5112 1847 5220 qui
1863 5110 1907 5195 in
1927 5137 2010 5196 coe·

604 5231 755 5314 Lectio
776 5230 828 5312 vi.
1183 5225 1282 5310 lesti
1305 5249 1441 5329 regno
1465 5225 1626 5330 omnia,
1650 5225 2010 5331 quaeincoeloet

397 5333 468 5421 inc
495 5348 565 5425 est
590 5338 707 5422 enim
735 5339 856 5445 quod
885 5339 940 5424 de
967 5347 1131 5423 sanctae
1185 5362 1285 5445 quae
1306 5337 1352 5423 in
1374 5349 1493 5424 terra
1512 5350 1627 5440 sunt,
1651 5338 1855 5422 volumus
1873 5337 2009 5445 possi·

423 5450 636 5536 Ecclesiae
654 5477 820 5559 sponso
838 5477 918 5558 per
937 5451 1131 5537 Salomo·
1185 5451 1300 5536 dere.
1351 5453 1439 5538 Sed
1465 5453 1502 5537 si
1528 5452 1595 5536 vis
1627 5454 1803 5536 servare
1835 5455 2010 5536 tuorum

302 5587 403 5648 nem
428 5563 600 5650 dicitiu:
627 5564 802 5651 Nobilis
828 5566 873 5650 in
900 5564 1043 5674 portis
1066 5564 1132 5649 vir
1183 5563 1324 5672 pretia
1349 5564 1634 5674 praediorum,
1667 5574 1711 5650 et
1737 5563 2010 5650 sacculorum
2148 5635 2149 5652 ,
