4322 6186
623 397 1020 414 *ω’-1.,
1024 398 1148 414 11-
1152 391 2044 499 n—*ffl'l

292 489 367 566 20⁸
934 505 1047 574 Festa
1072 503 1094 572 J
1099 503 1257 572 anuarii.
1282 500 1362 586 (28.)

1173 676 1261 782 die,
1287 701 1420 785 quam
1438 686 1539 762 ante
1556 674 1796 778 biennium,
1820 677 1921 762 Deo
1939 701 2001 761 re·

1172 794 1362 894 veiente,
1386 787 1620 892 didicerat,
1636 789 1881 878 monachos
1900 815 2001 876 suos

1172 904 1231 993 ad
1253 903 1499 1006 caritatem,
1520 903 1812 990 humilitatem
1837 914 1882 990 et
1899 929 2001 1009 pau·

1172 1021 1393 1125 pertatem
1413 1015 1665 1117 adhortans,
1691 1020 1857 1123 eosque
1878 1022 2000 1102 oscu-

1172 1131 1226 1217 lis
1245 1131 1483 1238 excipiens,
1505 1130 1834 1215 Communionis
1853 1131 2001 1216 Sacra·

517 721 564 800 In
594 721 643 801 ΙΙ.
672 721 894 801 Nocturno.

593 853 744 934 Lectio
764 853 817 932 iv.

331 1016 343 1057 a
407 972 478 1048 ost
498 963 668 1048 ebitum
687 959 840 1046 Attilae
859 959 1121 1045 Hunnorum

384 1112 392 1183 5·
430 1075 566 1179 Regis
594 1101 708 1160 anno
736 1073 889 1159 salitis
919 1071 1119 1180 quadrin-

294 1300 1121 1408 i
1172 1241 2003 1464 ,amad

293 1414 369 1500 ΓΗΒ
403 1414 655 1501 nuberetur
686 1413 1025 1515 calamitatibus’
1059 1413 1120 1498 [ὣ
1174 1473 1316 1559 crucis
1341 1470 1533 1557 extensis
1557 1469 1749 1556 brachiis
1768 1469 2001 1572 cellocans,
2042 1516 2048 1565 ι

293 1527 437 1612 mulus
454 1527 540 1614 Dei
557 1529 805 1630 Severinus‚
830 1529 951 1635 cujus
975 1551 1120 1612 sermo
1172 1585 1395 1670 psalmum
1429 1581 1651 1687 „Laudine
1686 1583 1925 1668 Dominum
1959 1583 2001 1668 in
2043 1596 2048 1671 ;

1171 1699 1343 1785 Sanctis
1378 1700 1493 1804 eius“
1531 1697 1719 1783 recitare
1755 1697 1915 1805 coepit,
1960 1708 2002 1782 et
2044 1676 2049 1763 Ι

1173 1811 1355 1899 eumad
1384 1838 1436 1898 ea
1458 1809 1595 1896 verba
1622 1810 1799 1912 „Omnis
1822 1811 2001 1917 spiritus
2044 1796 2049 1911 ἔ

1172 1925 1592 2012 laudetDominum“
1606 1929 1893 2032 pervenisset,
1908 1949 2001 2010 san·
2046 1958 2051 1993 ι

317 2093 326 2112 ·
432 2094 490 2120 ·’
698 2093 707 2112 ·
810 2094 819 2112 ·
1377 2039 1386 2058 ’
1436 2039 1628 2123 amDeo
1655 2036 1828 2123 reddidi
1876 2063 1955 2123 sex
2049 2076 2052 2089 ·

292 2092 1123 2314 {lffilgfflessffissnuselgfflg'ffi
1172 2050 1315 2241 ‹1:3sz
1317 2044 1485 2239 ffifi
1499 2175 1619 2237 anno·
1630 2151 1784 2237 salutis
1799 2048 2001 2258 qiradriir(³
2048 2164 2053 2255 ξ

291 2319 350 2405 ad
390 2320 643 2425 iactantiam
682 2318 907 2406 vitandam
945 2321 1122 2408 mange.
1172 2267 1419 2374 gentesimo
1439 2265 1743 2370 octuagesimo
1762 2263 1970 2352 secundo.
2048 2274 2053 2327 i

292 2435 411 2519 stere
449 2432 609 2536 voluit,
652 2431 944 2542 apostelicam
986 2435 1122 2520 vitam
1229 2389 1280 2493 Η·
1303 2381 1618 2583 Αωάνιῗᾛ·
1666 2500 1689 2553 ,-
2048 2370 2054 2483 l

293 2569 427 2649 agens
442 2546 590 2633 statim
604 2545 741 2654 coepit
754 2547 1123 2658 evangelicaprae
1148 2578 1153 2603 ·
1179 2605 1189 2623 -
1518 2526 1568 2582 ‘³⁶
1589 2525 1630 2582 ¹⁰
1650 2527 1702 2580 ⁸¹·

294 2657 514 2744 dicatione
534 2667 578 2744 et
596 2658 731 2764 signis
751 2660 1006 2762 clarescere,
1030 2662 1121 2769 qui·

292 2769 375 2857 bus
399 2770 513 2859 ideo
531 2771 850 2861 Noricensibus
870 2775 1049 2883 profuit,
1072 2786 1123 2861 ut

292 1640 538 1727 testabatur
572 1639 793 1725 hominem
827 1640 1030 1742 latinum,
1066 1664 1121 1724 ex

294 1753 487 1840 Orientis
501 1753 820 1856 solitudinibus,
836 1753 893 1840 ad
909 1780 1018 1861 quas
1033 1780 1123 1863 per-

292 1866 486 1954 fectioris
500 1868 602 1955 vitae
620 1868 792 1953 fervere
813 1867 1121 1973 declinaverat,

292 1980 391 2066 Deo
414 1982 477 2065 sic
501 1979 775 2088 disponente,
794 1979 973 2067 advenit
991 1981 1121 2067 Astri-

1191 2606 1326 2752 ffiljm
1355 2630 1538 2714 corpus,
1573 2604 1929 2743 quod'monachi
1957 2606 2003 2691 li·
2051 2638 2056 2691 ι
2114 2741 2118 2748 Ι

1178 2735 1255 2816 μ
1276 2744 1391 2825 gneo
1406 2718 1566 2805 locello
1581 2716 1883 2820 condiderant,
1898 2729 2005 2825 post
2051 2714 2056 2827 l

292 2885 503 2971 meruerit
534 2887 756 2972 communi
781 2887 993 2974 Ecclesiae
1021 2916 1121 2975 con·
1173 2835 2005 3052 {Zsssaffiffiffinffffiussvfffi
2051 2876 2057 3007 ἱ,

291 2998 1008 3222 {reuolubile
1173 3059 1607 3277 renuetur
1620 3016 2057 3258 nsini<iun³

607 3273 759 3358 LessiiO
779 3303 816 3354 V·
1173 3287 1341 3375 Summi
1374 3285 1603 3372 Pontificis
1638 3287 1904 3372 auctoritate
1948 3284 2005 3374 ad

299 3394 494 3605 Ibidem
507 3404 774 3490 monasterio
789 3408 1015 3490 exstructo
1029 3404 1122 3511 phi·
1175 3400 1390 3511 oppidum
1416 3399 1706 3486 Luculldnum
1734 3399 1815 3485 fuit
1846 3399 2003 3508 depor·
2049 3488 2055 3505 ,

372 3513 508 3601 rimos
535 3515 778 3603 monachos
806 3527 959 3602 sancto
988 3518 1124 3625 coepit
1173 3520 1326 3616 tetum,
1345 3512 1615 3600 monasterio
1632 3511 1798 3599 ibidem
1817 3539 1919 3598 cum
1938 3539 2004 3628 ec·
2048 3528 2054 3569 ⁵

292 3627 531 3715 informare
580 3629 803 3734 institut03
856 3629 1123 3734 humilitatis,
1174 3628 1310 3716 clesia
1334 3633 1603 3716 constructo.
1643 3627 1802 3711 Romae
1827 3652 2005 3734 quoque

293 3739 571 3827 abstinentia
614 3768 668 3829 ac
710 3743 988 3852 paupertatis
1025 3769 1124 3830 rara
1173 3743 1359 3830 Sanctus
1391 3739 1631 3846 Gregorius
1666 3738 1851 3843 Magnus
1886 3742 2005 3846 iusta

292 3856 498 3962 praebens
551 3858 772 3964 exempla:
825 3858 968 3944 cilicio
1019 3859 1125 3944 item
1173 3859 1368 3943 Domum
1385 3853 1656 3940 Merulenam
1679 3852 1857 3959 regione
1876 3854 2006 3940 tertia
2048 3948 2053 3957 ,

293 3992 468 4075 semper
486 3970 703 4074 utebatur,
726 3971 1125 4058 calceamentorum
1175 3969 1319 4057 eidem
1336 3970 1498 4056 Sancto
1523 3966 1746 4053 dedicavit
1764 3965 2004 4070 ecclesiam,

248 4166 254 4205 1
293 4104 422 4165 usum
447 4084 651 4184 nescivit,
682 4109 735 4168 ac
764 4084 810 4168 in
841 4084 1011 4189 frigidis
1038 4085 1124 4170 illis
1176 4110 1307 4192 quam
1334 4084 1427 4189 ejus
1457 4081 1654 4187 reliquiis
1682 4105 1737 4166 ex
1761 4080 2004 4166 Lucullr'mo

248 4216 254 4299 ;
293 4193 547 4297 regionibus
567 4197 696 4282 nudis
713 4198 902 4307 pedibus
918 4197 1125 4284 incedere
1174 4197 1318 4282 missis
1342 4195 1510 4283 ditavit.
1551 4196 1613 4281 At
1631 4221 1731 4280 cum
1750 4194 1914 4280 saeculo
1934 4194 2004 4280 de·

247 4324 254 4407 :
294 4305 486 4393 nolebat:
518 4310 721 4412 orationi,
754 4337 885 4418 quam
912 4312 1125 4421 pabulum
1175 4312 1290 4397 cimo
1307 4308 1617 4396 infestantibus
1634 4307 1863 4394 Saracenis
1883 4309 2004 4394 Cam·
2050 4366 2055 4377 -

247 4448 253 4551 j
296 4421 733 4531 enimaeappellibat,
751 4436 883 4512 nocte
902 4451 954 4511 ac
972 4425 1044 4511 die
1058 4453 1124 4512 as·
1173 4426 1318 4533 pdniae
1362 4425 1513 4510 littora
1546 4421 1868 4530 Neapolitenus
1904 4421 2005 4508 Dux
2049 4418 2054 4493 l

246 4572 253 4667 f
295 4533 420 4622 sidue
464 4535 743 4638 incumbens,
797 4538 936 4624 aliena
981 4544 1125 4629 erreta
1175 4541 1445 4627 decrevisset
1474 4535 1766 4622 Lucullenum
1796 4539 2005 4639 evertere,
2049 4624 2054 4643 ,

246 4680 253 4717 ¹
296 4649 420 4759 quasi
439 4649 619 4758 propria
638 4648 842 4738 deflebat.
872 4653 1124 4761 Prophetiae
1174 4681 1230 4740 ne
1247 4652 1449 4740 barbaris
1473 4661 1591 4738 esset
1610 4650 1794 4758 asylum,
1812 4650 1839 4734 J
1841 4653 2005 4736 odnnes
2048 4652 2054 4759 ζ

295 4760 414 4848 dono
440 4763 701 4865 illustratus,
732 4766 854 4852 veria
885 4767 1124 4871 cujuscum·
1175 4767 1313 4854 abbas
1346 4763 1602 4852 monarterii
1637 4763 1777 4852 sancti
1809 4764 2004 4850 Severini
2048 4780 2054 4875 ξ

296 4901 382 4983 que
417 4877 588 4981 generis
632 4875 903 4982 hominibus,
949 4881 1024 4987 qui
1068 4881 1126 4967 ad
1176 4880 1356 4965 Ordinis
1384 4879 1525 4964 sancti
1551 4878 1781 4965 Benedicti
1807 4877 1905 4963 haec
1931 4883 2004 4963 au·

296 5015 413 5092 eum,
434 4999 483 5077 ut
500 4988 559 5078 ad
581 4990 763 5078 coeleste
781 4993 1008 5080 otriculum
1025 5021 1124 5080 con·
1177 4993 1302 5080 diens
1331 4993 1547 5079 instanter
1573 4991 1702 5101 petiit
1732 5019 1907 5079 sacrum
1933 4992 2005 5078 Se·
2048 4944 2054 5047 Ι

296 5101 501 5206 fluebant,
525 5109 785 5213 procorum
803 5109 966 5192 aetema
984 5107 1126 5193 salute
1176 5106 1315 5191 verini
1348 5129 1510 5213 corpus
1541 5131 1630 5191 non
1661 5103 1767 5192 alibi
1800 5131 1933 5214 quam
1962 5106 2006 5190 in
2048 5170 2054 5217 ,

296 5215 578 5325 praedicebat
605 5219 812 5304 Omnium
825 5221 1037 5306 virtutum
1054 5223 1125 5325 ge·
1176 5245 1257 5305 suo
1285 5219 1498 5305 colloceri
1524 5221 1814 5322 monasterio,
1846 5229 1895 5304 ut
1919 5220 2006 5305 hoc
2047 5234 2054 5281 ¹

296 5356 402 5416 nere
431 5332 634 5437 insignis,
665 5333 961 5442 Episcopatus
990 5333 1125 5421 hono·
1176 5357 1266 5419 non
1300 5335 1444 5420 solum
1483 5334 1801 5443 appellatione,
1846 5330 1927 5420 sed
1963 5343 2005 5419 et

295 5469 390 5531 rem
408 5444 495 5532 sibi
517 5443 712 5534 deletum
729 5447 839 5533 mira
862 5448 1126 5535 demissione
1177 5451 1467 5553 congruenter
1493 5446 1691 5555 ejusdem
1718 5452 1908 5555 corpore
1933 5444 2004 5532 de·

245 5542 1154 5748 ἫἫΠῘἛἪΙ
1176 5566 1412 5650 curaretur.
1454 5563 1680 5749 Integrum
1703 5587 1827 5670 ergo,
1857 5585 2003 5667 quem·
2045 5580 2053 5738 1
