4322 6182
116 490 120 519 Ι
805 533 922 604 Festa
946 534 1132 604 Januarii.
1158 535 1233 622 (31.)
1814 528 1882 604 21*
1918 435 1926 603 Ι

165 712 408 802 admodum
435 714 594 816 fertur,
624 715 870 821 repartum,
901 717 997 798 sua·
1050 710 1156 796 dum
1181 712 1227 798 in
1258 712 1439 802 modum
1470 718 1717 806 exercebat.
1755 721 1882 808 'Cum

164 853 265 913 vem
311 827 522 914 exhalans
565 826 769 925 odorem,
813 825 998 912 solemni
1049 825 1233 912 madicae
1256 827 1321 912 rei
1340 830 1501 934 peritia
1518 829 1735 918 modestae
1759 844 1804 921 et
1819 835 1880 920 in-

162 968 333 1050 pompa
369 953 505 1049 atque
540 941 746 1026 univarso
781 941 997 1045 gestiente
1049 940 1250 1027 nocentis
1264 941 1367 1026 vitae
1384 943 1635 1050 exemplum
1646 949 1881 1054 conjunxit.

113 1080 119 1137 ι
162 1055 335 1162 papulo
353 1055 412 1142 ad
429 1057 664 1163 praefatum
681 1055 998 1140 monastarium
1049 1051 1123 1138 Ad
1142 1078 1287 1158 aegros
1304 1055 1531 1160 accadens,
1549 1066 1598 1143 ut
1617 1068 1713 1145 erat
1732 1085 1880 1147 sacras

112 1174 118 1281 Ι
160 1168 434 1272 translatum,
454 1179 499 1255 et
512 1168 595 1256 sub
609 1194 686 1253 ara
699 1168 890 1252 maxima
904 1169 996 1274 ejus
1048 1165 1221 1252 litteras
1247 1178 1589 1278 sanctorumque
1610 1172 1792 1262 Patrum
1817 1173 1878 1258 in·
1917 1180 1924 1345 Ι

112 1286 118 1393 Ι
161 1282 364 1368 ecclasiae
388 1281 615 1370 canditum
634 1283 731 1384 fuit,
755 1306 996 1387 numquam
1049 1280 1302 1369 stitutiones
1338 1284 1512 1388 egregie
1550 1283 1730 1389 doctus,
1766 1287 1880 1374 inter
1917 1348 1924 1441 Ι

112 1396 117 1483 ἶ
161 1395 325 1483 deinde
349 1395 405 1483 ab
424 1421 477 1482 ea
494 1400 705 1498 amotum,
730 1395 903 1480 etiamsi
920 1419 995 1479 no·
1047 1393 1148 1501 ipsa
1170 1401 1340 1482 natiuae
1364 1407 1409 1484 et
1430 1397 1538 1482 artis
1556 1397 1753 1485 remedia
1769 1399 1880 1486 illud

160 1535 266 1594 vum
279 1508 400 1596 aliud
414 1509 773 1615 augustissimum
781 1507 997 1616 templum
1047 1507 1092 1592 in
1115 1507 1269 1616 primis
1292 1519 1520 1618 tamquam
1548 1513 1742 1598 amnium
1768 1540 1878 1621 prae·

160 1621 216 1707 ab
246 1623 416 1710 eisdem
441 1622 668 1708 monachis
692 1622 809 1709 circa
833 1622 994 1710 medie·
1047 1622 1345 1708 sentissimum
1366 1625 1587 1711 insinuare
1610 1626 1808 1730 curabat,
1831 1639 1880 1714 ut
1918 1704 1924 1721 .

158 1738 301 1821 tatem
318 1735 592 1823 sextidecimi
611 1735 763 1821 saculi
778 1735 910 1822 fierit
924 1762 995 1823 ex·
1048 1734 1195 1839 agnita
1218 1735 1379 1824 vitiosa
1401 1736 1661 1824 morbarum
1683 1740 1880 1825 amnium
1918 1730 1924 1799 Ι

159 1848 358 1936 citatum.
397 1852 492 1937 Leo
517 1861 665 1937 autem
689 1848 887 1935 decimus
910 1856 994 1937 tar·
1048 1849 1234 1953 origine,
1265 1849 1323 1936 ad
1349 1849 1656 1960 medicinalem
1682 1852 1878 1940 Salvatd·
1917 1806 1925 1965 Ι

156 1963 247 2047 tius
266 1964 474 2052 Pontifex
486 1964 706 2049 Maximus
724 1989 840 2050 anno
858 1965 994 2050 milla·
1046 1961 1108 2046 ris
1133 1961 1220 2047 Dei
1250 1965 1438 2068 gratiam
1468 1963 1766 2070 confugerent
1818 1967 1879 2054 Iis
1918 1970 1924 2007 '

110 2098 115 2323 Ι
157 2075 274 2163 simo
300 2079 665 2186 octingentesimo
693 2078 994 2184 octuagasimo
1047 2075 1200 2180 etiam,
1231 2077 1270 2161 si
1300 2079 1426 2182 egani
1458 2089 1501 2164 et
1532 2082 1690 2187 inopes
1720 2091 1878 2185 essent,

157 2191 377 2296 secando,
405 2192 745 2299 decimoquarto
767 2201 873 2299 post
896 2217 993 2298 pre·
1045 2191 1295 2277 necessaria
1313 2191 1511 2278 caritatis
1527 2190 1728 2278 subsidia
1744 2192 1878 2281 liban·
1917 2198 1924 2363 Ι

110 2342 115 2393 ι
156 2305 327 2391 tiasum
349 2304 468 2393 beati
485 2307 683 2393 Severini
706 2304 877 2391 abitum
896 2329 992 2391 cen·
1045 2313 1114 2390 ter
1155 2302 1481 2412 suppeditabat.
1537 2304 1693 2412 anue
1731 2305 1924 2393 divina.

156 2420 344 2520 tenario,
361 2421 500 2526 ipsius
519 2419 724 2504 Officium
743 2445 795 2504 ac
812 2417 994 2504 Missam
1045 2417 1199 2522 magis,
1225 2442 1358 2524 quam
1379 2417 1571 2504 humana
1587 2418 1795 2506 medandi
1811 2446 1877 2507 ra·
1917 2424 1924 2519 i

108 2474 114 2655 Ι
155 2531 199 2614 in
247 2533 456 2618 universa
498 2532 795 2640 Neapolitana
839 2531 992 2618 Archi·
1045 2532 1166 2618 tione
1195 2540 1291 2617 tum
1327 2537 1585 2641 corporum,
1619 2541 1715 2618 tum
1746 2533 1878 2620 etiam
1916 2530 1923 2603 Ξ

155 2642 358 2750 ἀίωοόεἱ,
382 2647 574 2733 instante
600 2646 820 2732 Gulielmo
838 2645 993 2734 Archi·
1045 2646 1287 2732 animarum
1298 2645 1485 2733 salutem
1495 2646 1775 2756 operabatur.
1788 2647 1877 2735 Sed

107 2700 112 2913 Ι
155 2764 384 2868 episcopo,
403 2760 619 2848 celebrari
636 2760 862 2869 praecapit.
1044 2767 1090 2843 et
1115 2758 1367 2846 christianae
1390 2759 1615 2864 religionis
1639 2758 1789 2848 studio
1805 2785 1877 2847 ve·

107 2924 111 2933 -
203 2875 261 2978 ΙΙ.
288 2873 381 2959 Iste
399 2873 546 2960 homo.
619 2888 623 2896 ’
687 2933 690 2938 -
1042 2870 1270 2960 hemanter
1286 2873 1502 2976 incamus,
1524 2873 1690 2962 multos
1708 2873 1764 2961 ab
1783 2832 1925 2983 inti-ff

106 2970 111 3153 Ι
203 3015 250 3086 In
276 3015 341 3085 m.
363 3015 564 3085 Nocturno
586 3013 758 3084 Hominn
780 3013 821 3082 in
839 3013 985 3100 svang.
1044 2985 1253 3090 dentatis,
1278 3013 1331 3072 ac
1356 2986 1644 3074 daemoniacae
1665 2989 1875 3097 supersti-
1917 2988 1924 3105 ζ

151 3110 255 3180 Ecce
269 3129 343 3182 nos
358 3110 595 3201 reliquimus.
611 3119 652 3182 ut
668 3111 707 3180 in
722 3109 827 3181 Com.
843 3111 985 3180 Abbat.
1041 3099 1176 3185 tionis
1191 3099 1415 3186 erroribus
1428 3099 1653 3204 liberatos,
1671 3098 1731 3187 ad
1747 3108 1875 3188 unius
1917 3110 1923 3179 ἰ

105 3202 109 3219 “
154 3209 178 3278 1.
203 3209 306 3280 loeo.
1041 3214 1135 3298 veri
1153 3213 1239 3300 Dei
1258 3214 1434 3318 cultum,
1453 3218 1695 3321 veramque
1713 3213 1876 3302 Christi
1916 3188 1923 3273 Ι

1041 3324 1176 3412 fidem
1203 3329 1431 3414 convertit.
1476 3328 1587 3431 Quae
1614 3326 1799 3414 eumad
1825 3354 1875 3415 se

381 3371 467 3459 Die
485 3375 544 3457 3¹·
561 3373 767 3460 Januaffi·
1041 3435 1189 3524 delata
1237 3441 1491 3527 rescivisset
1534 3441 1746 3549 syrianus
1790 3441 1874 3531 sub

357 3502 400 3587 S.
430 3501 548 3606 cyri
570 3500 786 3608 Martyris,

104 3602 109 3793 Ι
485 3621 651 3711 Duplex.

1039 3552 1307 3640 Diocletiani
1329 3554 1517 3662 impario
1541 3555 1662 3642 urbis
1685 3555 1874 3640 Alexan·
1914 3524 1922 3657 Ι

203 3735 347 3806 Omnia
386 3735 433 3804 de
467 3735 670 3808 Communi
709 3737 822 3807 unius
858 3735 967 3804 Mart.
1009 3662 1178 3752 'drinae
1200 3668 1588 3800 pfaefficm'fium
1610 3669 1729 3754 mico
1756 3692 1873 3754 ⁰⁰m'
1913 3732 1919 3801 t

104 3800 109 3895 Ι
149 3844 295 3922 praeter
319 3851 424 3920 sequ.
976 3726 1256 3903 ’lprehandl
1272 3780 1520 3914 mandavlt.

104 3920 108 4011 Ι
416 4043 426 4062 Ι
492 3931 657 4015 Oratio.
959 4047 969 4066 υ
1091 3899 1141 4002 R·
1170 3893 1421 4095 H⁰¹¹⁶⁵tflm
1435 3894 1554 4098 ἓξὲξ·
1912 3908 1919 4075 Ι

150 4037 428 4254 Dant
441 4041 987 4263 biitssffimriaaffi
1039 4116 1137 4264 'tt
1151 4123 1291 4253 Carus
1304 4038 1472 4254 ...tm
1486 4077 1707 4254 evitanda
1723 4082 1920 4255 ...aa

151 4269 364 4356 eductum
399 4271 595 4378 martyrii
626 4270 776 4378 palma
806 4271 985 4358 decora·
1039 4148 1116 4330 L
1151 4239 1340 4367 ⁰¹Pt¹⁶m⁸
1359 4260 1507 4367 causa·
1520 4244 1683 4343 pamm
1696 4244 1873 4368 utfflt‘ff
1912 4212 1919 4363 Ι

105 4368 109 4383 ’
152 4384 224 4467 sti:
252 4382 327 4486 da;
355 4394 404 4470 ut
428 4387 520 4492 ejus
543 4385 751 4492 precibus
775 4395 820 4471 et
843 4388 985 4471 exam·
1038 4347 1512 4489 ³u⁸testtf¹t9⁸fle⁸⁶m
1534 4347 1672 4434 mbur
1699 4349 1871 4434 ⁰⁰⁰¹ss¹¹
1911 4374 1918 4419 ¹

151 4497 227 4602 plo
248 4495 430 4584 caducis
445 4499 724 4606 contamptis,
743 4497 897 4583 mundi
911 4497 984 4584 ad·
1038 4471 1083 4546 et
1096 4460 1755 4602 f⁰mmm³d⁶¹⁸pe9t⁶mm
1768 4467 1870 4600 ³8⁶:
1911 4432 1918 4607 Ι

106 4620 110 4633 “
152 4612 387 4748 versitates
405 4611 495 4717 jugi
509 4612 697 4699 victoria
713 4614 985 4720 superamus.
1037 4598 1139 4772 3Ξέ
1157 4572 1869 4774 grfgfigklfgsffesgbseffifflaffig

153 4721 236 4809 Per
254 4725 505 4811 Dommum.
1039 4799 1048 4818 .
1354 4801 1362 4818 .
1416 4715 1446 4797 Ρ
1555 4714 1593 4819 ,Ρ
1773 4803 1783 4824 .

107 4904 112 4963 Ι
202 4865 245 4934 In
273 4863 302 4933 Ι.
325 4863 436 4934 Noct.
462 4865 563 4935 Lect.
593 4865 640 4936 de
668 4817 805 4952 Suript.
834 4883 977 4936 oecurr.
1036 4799 1868 5001 mptlgrrgriggfflngekxergssbtlasslAEugyggo

107 4986 112 5003 ¹
376 5007 425 5084 In
452 5007 503 5086 Π·
531 5007 754 5086 Nocturnn.
1035 4937 1218 5113 {2250ae
1262 4940 1507 5136 disciplienae
1525 4937 1771 5114 le'erta‘iren
1806 5027 1868 5111 in-

455 5139 608 5221 Lectio
628 5139 680 5218 iv.
1035 5141 1223 5242 gressus,
1242 5137 1300 5224 ad
1313 5141 1523 5246 perfectas
1542 5138 1722 5225 demum
1735 5137 1867 5227 subli-

406 5247 513 5333 civis
540 5246 865 5334 Alexandrinus
895 5251 983 5333 me·
1035 5249 1276 5358 miorisque
1302 5253 1406 5340 vitae
1437 5251 1624 5358 gradum
1655 5253 1868 5360 pervenit.

154 5247 434 5536 'ydricfflam
457 5372 614 5464 artem,
638 5361 684 5444 in
708 5386 795 5468 qua
812 5362 983 5468 peritis·
1035 5362 1088 5446 In
1106 5361 1189 5450 hac
1203 5363 1441 5451 solitudine
1457 5389 1590 5473 quam
1604 5390 1732 5452 carus
1750 5363 1866 5450 coelo

288 5474 426 5558 simus
444 5483 550 5574 erat,
568 5500 656 5559 non
671 5478 878 5578 terranae,
902 5473 984 5560 sed
1035 5480 1255 5583 terraque
1279 5477 1425 5580 fuerit,
1450 5479 1574 5564 Deus
1599 5479 1697 5587 ipse
1722 5480 1866 5563 ostan-

157 5589 357 5694 suparnae
388 5587 606 5674 mercedis
636 5588 795 5675 intuitu
826 5588 982 5673 miran-
1035 5587 1117 5692 dit,
1145 5589 1221 5695 qui
1249 5614 1349 5676 eum
1374 5590 1606 5700 multiplici
1632 5591 1865 5680 charisma·

259 5871 348 5940 Propr.
358 5871 487 5939 Nmpolit
501 5871 533 5925 Ρ.
542 5871 677 5925 Hismaliu.
