4402 6190
865 527 980 600 Festa
1008 529 1198 601 Octobris,
1222 531 1278 617 (5.)

212 716 340 803 cham
364 715 676 824 archipiratam
699 716 837 818 ducti,
866 743 967 803 cum
994 741 1042 802 se
1094 713 1324 818 contundi,
1376 715 1657 822 linguamque
1711 711 1923 800 radicitus

210 828 344 916 idolis
366 829 533 916 cultum
554 829 692 916 ullum
710 829 921 917 adhibere
938 855 1041 917 con·
1094 828 1293 917 abscindi
1311 829 1443 936 iuben.
1481 829 1571 918 Sed
1589 856 1690 917 cum
1706 827 1922 914 nihilomi-

212 948 379 1030 stantcr
400 947 630 1049 negarent,
655 944 760 1030 caesi
777 943 929 1050 virgis,
953 948 1041 1030 ma·
1093 970 1175 1030 nus
1193 944 1279 1046 ille,
1302 943 1456 1030 avulsa
1473 944 1632 1050 lingua,
1651 942 1769 1030 clarc
1787 950 1833 1027 et
1851 967 1922 1028 ex·

210 1056 340 1142 nibus
361 1053 641 1165 pedibusque
657 1057 808 1159 vincti,
833 1056 928 1143 sine
949 1057 1041 1143 ullo
1093 1057 1245 1166 pedite
1271 1057 1547 1163 loqueretur,
1578 1058 1677 1165 ipso
1709 1054 1923 1142 miraculo

211 1169 312 1257 cibo
328 1169 650 1303 contruduntur
667 1172 713 1256 in
730 1174 971 1303 carcerem3
989 1196 1043 1304 ac
1093 1172 1232 1276 magis
1258 1170 1408 1257 furens
1434 1170 1668 1270 barbarus,
1693 1166 1923 1302 Placidum

210 1309 393 1486 illo.
434 1284 1042 1502 uittsnutuau
1093 1283 1924 1504 transmarinus:

210 1521 316 1620 post
338 1511 503 1598 multos
528 1511 622 1599 dies
644 1537 797 1599 rursus
820 1510 879 1598 ad
895 1515 1040 1620 tyran·
1094 1509 1273 1597 deribus
1301 1510 1430 1597 obrui
1460 1514 1693 1619 resupinos
1724 1513 1924 1616 imperat.

210 1651 316 1711 num
337 1622 634 1728 adducuntur,
657 1635 792 1732 atque
815 1625 861 1710 in
884 1621 1044 1712 eadem
1095 1625 1294 1732 Cumque
1312 1649 1367 1712 ex
1389 1623 1444 1709 iis
1466 1625 1598 1710 etiam
1615 1621 1846 1711 tormentis
1863 1625 1921 1708 in·

210 1736 300 1825 lide
319 1742 590 1841 constantes,
612 1743 776 1824 iterum
800 1763 853 1825 ac
877 1738 1042 1845 sapius
1093 1738 1207 1845 tegri
1231 1741 1492 1839 evasissent,
1519 1735 1578 1824 ad
1601 1739 1846 1825 extremum
1869 1761 1925 1823 cx

211 1851 358 1937 affecti
373 1850 643 1955 verberibus,
666 1850 783 1955 nudi,
802 1853 949 1962 capite
968 1849 1040 1938 de·
1094 1878 1181 1938 una
1195 1849 1367 1938 Placidi
1387 1851 1551 1938 familia
1575 1875 1656 1938 sex
1679 1859 1723 1937 et
1745 1849 1925 1955 triginta

210 1969 367 2066 misso,
417 1961 747 2072 suspenduntur
788 1966 1042 2071 ingentique
1093 1966 1138 2050 in
1160 1975 1319 2074 portus
1342 1963 1593 2052 Mamertini
1615 1965 1781 2065 littore,
1808 1965 1924 2070 capi-

210 2077 332 2164 iumo
351 2103 404 2164 ns
423 2083 576 2164 eorum
594 2075 804 2166 obruitur.
838 2077 1043 2184 Quicum
1093 2079 1212 2165 tibus
1242 2077 1470 2179 abscissis,
1507 2077 1705 2185 martyrii
1733 2077 1925 2187 palmam

212 2191 407 2278 omnium
450 2191 656 2300 opinione
699 2193 863 2278 mortui
902 2191 1043 2278 relicti
1095 2219 1196 2280 cum
1213 2191 1326 2280 duce
1344 2217 1438 2294 suo,
1461 2201 1506 2278 et
1524 2191 1622 2276 aliis
1642 2191 1775 2278 etiam
1792 2188 1926 2299 plori-

210 2303 406 2407 iuissent,
424 2305 642 2414 postridie
659 2306 761 2408 rivi,
784 2306 950 2392 sanatis
967 2305 1043 2390 mi·
1093 2307 1178 2394 bus
1208 2305 1417 2408 retulere,
1448 2305 1580 2393 tertio
1611 2303 1766 2391 Nonas
1789 2303 1925 2390 Octo

211 2417 411 2507 rabiliter
429 2419 697 2521 vulneribus,
712 2419 879 2527 reperti
896 2429 1007 2507 sunt.
1093 2420 1205 2524 bris,
1235 2444 1350 2507 anno
1381 2418 1539 2506 salutis
1570 2418 1774 2504 humanae
1803 2417 1925 2525 quin·

267 2537 318 2643 lt.
341 2533 543 2620 Verbera
560 2533 825 2620 carnificum.
1093 2533 1337 2638 gentesimo
1352 2533 1580 2638 trigesimo
1596 2556 1726 2618 nono.
1752 2533 1925 2618 Horum

516 2651 668 2737 Lectio
689 2655 742 2736 vi.
1094 2647 1290 2734 omnium
1314 2649 1506 2754 corpora
1526 2655 1633 2754 post
1656 2645 1831 2753 aliquos
1850 2643 1923 2730 de·

216 2755 432 2971 Deinde
449 2760 648 2846 Flauiam
665 2759 893 2865 Virginem
918 2785 1040 2868 sepa·
1093 2760 1197 2848 inde
1215 2760 1311 2848 dies
1328 2756 1581 2846 Gordianus
1598 2759 1852 2861 monachus,
1870 2782 1925 2843 ex

318 2875 449 2962 ratim
461 2878 674 2981 tyrannus
685 2877 929 2980 aggressus,
944 2897 1044 2958 cum
1094 2873 1256 2961 eodem
1295 2872 1564 2960 monasterio
1599 2871 1703 2978 iuga
1738 2871 1926 2980 clapsus,

211 2989 319 3074 nihil
343 2999 419 3076 aut
442 2985 668 3088 terrendo,
691 2996 766 3074 aut
788 2986 1042 3097 pollicendo
1093 2989 1260 3076 intacta
1284 3011 1384 3074 cum
1402 2990 1658 3093 reperisset,
1683 3011 1783 3072 cum
1799 2984 1924 3070 lacri-

210 3103 466 3210 proticcret,
493 3099 614 3206 jubet
636 3101 757 3186 illam
781 3100 946 3186 nudam
968 3104 1043 3211 pe·
1093 3103 1177 3188 mis
1202 3100 1416 3210 sepelivit.
1460 3100 1656 3208 Tyranni
1672 3109 1820 3188 autem
1837 3123 1926 3184 non

212 3199 341 3302 dibus
364 3214 453 3302 alta
475 3240 531 3301 ex
554 3212 683 3300 trabe
707 3212 928 3320 suspendi.
963 3212 1045 3299 Cui
1093 3216 1233 3302 multo
1259 3224 1363 3323 post
1386 3213 1614 3302 ultricibus
1636 3213 1771 3302 maris
1794 3209 1926 3297 undis

212 3355 313 3416 cum
337 3332 551 3435 tyrannus
575 3324 806 3426 insultans,
832 3323 1043 3411 nuditatis
1094 3327 1312 3436 absorpti,
1345 3326 1617 3415 crudelitatis
1648 3351 1742 3413 suae
1767 3349 1925 3432 poenas

210 3441 529 3550 turpitudinem
565 3437 876 3547 exprobraret:
919 3438 1044 3524 Unus
1094 3439 1324 3528 dederunt

212 3565 291 3658 est,
308 3556 452 3662 inquit
466 3554 603 3658 virgo,
627 3553 761 3638 maris
781 3550 1044 3658 feminaeque
1149 3549 1206 3660 rt·
1222 3551 1469 3660 Tamquam
1487 3577 1651 3638 aurum.

212 3679 384 3774 auctor,
416 3667 709 3773 conditorque
736 3666 875 3752 Deus:
907 3689 1044 3773 quare
1316 3713 1366 3794 In
1386 3711 1458 3792 m·
1480 3709 1691 3792 Noctumo

212 3807 356 3890 neque
385 3807 535 3883 sexus,
566 3804 710 3887 neque
742 3778 920 3882 nuditas
946 3776 1045 3864 haec
1207 3849 1217 3869 .
1695 3775 1703 3792 '

211 3893 355 3982 fraudi
376 3893 484 3980 mihi
507 3892 627 4002 apud
648 3893 772 3978 illurn
795 3891 942 3978 futura
965 3900 1044 3991 est,

212 4009 379 4118 quippe
398 4032 530 4116 quam
547 4032 631 4116 pro
650 4007 767 4092 illius
785 4008 936 4093 amore
951 4031 1043 4092 sus·
1287 4089 1295 4105 ,
1379 4089 1403 4106 ,,
1609 4027 1618 4045 ·
1689 4091 1704 4118 Ἰ

211 4125 352 4226 tineo,
386 4123 461 4230 qui
488 4147 587 4208 mea
614 4145 747 4207 causa
772 4145 861 4206 non
887 4119 1045 4206 nudari
1174 4088 1416 4228 IjCCVOVV·
1564 4206 1619 4227 Η
1672 4091 1846 4224 (111)·Ῑῖ
1898 4209 1907 4230 ,

212 4236 366 4339 solum,
384 4233 465 4322 sed
483 4235 604 4322 cruci
617 4235 749 4320 gepa-m
761 4233 880 4340 affigi
893 4235 1043 4322 vgquig
1140 4237 1170 4294 n
1186 4209 1263 4341 illo
1281 4212 1499 4343 tempore:
1518 4207 1641 4295 Drmt
1654 4206 1680 4293 J
1680 4232 1782 4292 esus
1797 4201 1923 4338 discr-

215 4351 313 4453 Quo
341 4354 558 4457 responso
582 4349 801 4435 Manocha
826 4349 1043 4451 incitatus,
1167 4321 1291 4454 Ruhfl,
1318 4347 1428 4454 ,111111
1463 4321 1625 4423 Amen,
1660 4345 1788 4452 11111911
1823 4317 1923 4405 11100

212 4462 426 4568 virginem
458 4461 647 4550 fustibus
683 4485 867 4564 caesam,
903 4461 1043 4567 subie·
1093 4434 1529 4568 Y0b1⁸2111⁸18¹³1111m
1542 4434 1748 4576 1111961111
1762 4429 1924 4565 effidem

212 4580 374 4684 etoque
406 4575 526 4662 fumo
554 4576 852 4662 excruciatam
878 4575 1042 4662 lenoni·
1092 4558 1327 4636 1111111111]
1352 4547 1749 4680 1116111111111111111,
1779 4571 1924 4652 11181111

211 4690 295 4777 bus
318 4688 691 4797 constuprandam
710 4686 904 4776 tradidit
944 4689 1042 4775 Vir·
1094 4662 1237 4750 solum
1254 4673 1412 4750 1111111111·
1438 4663 1496 4750 Εἴ
1513 4661 1693 4768 rehqua

211 4803 313 4908 gine
338 4812 485 4890 autem
503 4802 647 4891 Deum
671 4800 957 4911 deprecante,
980 4799 1044 4888 di·
1207 4801 1397 4890 llomilia
1415 4801 1557 4888 sancti
1575 4797 1811 4904 Augustini

211 4917 373 5003 vinitus
410 4917 575 5003 iactum
612 4925 701 5021 cst,
736 4927 787 5004 ut
822 4925 1044 5023 quotquot
1398 4913 1622 5023 Episcopi.

212 5055 311 5116 earn
325 5033 541 5136 attingere
552 5029 728 5135 vellent,
745 5029 895 5116 subito
908 5053 1042 5116 mem·
1278 5043 1403 5116 Tract.
1419 5025 1470 5116 5i.
1489 5045 1746 5116 insomnem.

211 5143 395 5232 brorum
426 5143 624 5230 omnium
657 5142 813 5230 dolore
844 5147 1042 5250 stupore·
1247 5167 1295 5230 se
1317 5142 1535 5229 Dominus
1558 5143 1584 5226 J
1585 5167 1687 5228 esus
1710 5151 1806 5228 erat
1828 5167 1923 5246 gra·

214 5282 301 5367 que
328 5257 667 5365 corriperentur.
715 5257 880 5344 Postea
905 5255 1042 5341 Placi·
1094 5150 1336 5432 'Duum
1356 5254 1725 5357 mortificandum,
1748 5264 1793 5342 et
1814 5255 1923 5341 mul-

213 5370 339 5472 dum,
372 5370 566 5477 Virginis
597 5370 797 5473 fratrem,
832 5373 1043 5478 tyrannus
1230 5368 1536 5479 tiplicandum:
1566 5367 1924 5456 mortificandum

212 5483 396 5587 invadit
417 5487 545 5593 eique
567 5481 788 5572 idolorum
806 5483 1044 5569 vanitatem
1093 5482 1353 5572 infidelitate
1396 5485 1422 5568 J
1423 5481 1672 5586 udaeorum,
1717 5482 1923 5590 multipli-

214 5598 415 5704 arguenti
458 5621 509 5684 os
544 5596 787 5705 dantesque
821 5593 1044 5705 lapidibus
1094 5595 1923 5707 candumiidepopulorum.1amvero
