4290 6188
831 463 946 534 Festa
971 464 1109 535 ilaus.
1133 467 1189 554 (5.)
1792 451 1860 528 39·

153 643 206 732 de
224 646 325 732 sinu
347 648 454 751 eius,
479 656 524 733 et
546 645 744 754 portavit
768 645 813 729 in
835 648 979 735 coene-
1033 645 1240 751 queniam
1266 644 1455 732 Thesbis
1489 655 1612 732 erant
1643 644 1764 732 aedes
1795 673 1861 734 sa-

152 760 313 846 culum=
330 758 407 847 ubi
423 759 520 868 ipse
536 757 753 862 manebat,
772 768 817 845 et
828 758 980 866 pesuit
1034 756 1289 846 cerdetibus
1320 764 1610 862 consecretae,
1644 783 1697 846 ac
1730 759 1862 849 desti·

152 897 285 980 super
301 872 511 959 lectulum
530 898 669 959 suum.
700 873 757 958 Et
776 871 980 957 clamevit
1032 875 1160 957 netae.
1213 874 1354 977 Quem
1386 898 1486 958 cum
1519 873 1756 965 eniteretur
1786 899 1862 984 pa·

150 983 206 1072 ad
238 986 498 1086 Deminum,
536 996 582 1073 et
622 984 752 1072 dixit:
791 985 980 1071 Demine
1033 1009 1134 1069 rens
1171 987 1279 1091 eius,
1315 985 1531 1093 ejusmodi
1564 985 1709 1074 Sobac
1743 987 1863 1096 patri

148 1101 272 1185 Deus
290 1119 425 1202 meuc,
444 1099 634 1187 etiemne
651 1098 841 1200 viduam,
860 1099 980 1206 apud
1034 1097 1146 1184 visio
1161 1100 1376 1207 apparuit
1400 1098 1510 1201 Viri,
1525 1104 1703 1186 niveum
1715 1125 1863 1210 quem·

150 1239 283 1320 quam
300 1237 384 1320 ego
402 1220 640 1322 utcumque
658 1217 897 1315 sustentor,
920 1212 979 1296 al·
1034 1208 1135 1296 dam
1153 1237 1248 1319 prae
1268 1238 1316 1298 se
1338 1213 1527 1300 ferentes
1545 1211 1761 1319 bibitum,
1783 1240 1862 1321 pu·

150 1326 317 1429 dixisti,
342 1338 391 1414 ut
414 1327 685 1416 interficeres
701 1327 840 1411 filium
863 1325 979 1432 ejus?
1033 1323 1201 1411 sienem
1220 1323 1481 1437 salutebant,
1500 1329 1741 1433 matrisque
1759 1326 1861 1414 ube·

149 1439 205 1524 Et
228 1439 443 1548 expendit
465 1465 531 1544 se,
555 1451 689 1548 atque
712 1465 890 1526 mensus
912 1451 980 1528 est
1031 1436 1152 1524 ribus
1175 1438 1221 1523 in
1237 1439 1383 1545 ignem
1406 1438 1670 1527 evellebant:
1697 1441 1801 1548 quin
1819 1450 1863 1527 et

150 1579 284 1660 super
318 1560 506 1662 puerum
536 1554 678 1640 tribus
709 1552 899 1657 vicibus,
936 1564 979 1641 et
1032 1553 1253 1640 flammam
1275 1553 1388 1659 ignis
1411 1551 1499 1640 cibi
1521 1553 1623 1640 loco
1647 1552 1863 1640 ministre·

150 1667 359 1754 clamavit
376 1665 434 1754 ad
451 1667 706 1770 Dominum,
729 1677 774 1754 et
791 1667 868 1754 ait:
889 1667 979 1754 Do·
1031 1665 1150 1754 bant.
1175 1669 1406 1754 Profectus
1426 1677 1493 1754 est
1510 1671 1660 1775 itaque
1678 1667 1723 1752 in
1740 1668 1861 1757 lerti-

150 1783 266 1869 mine
291 1783 417 1867 Deus
442 1806 582 1882 meus,
610 1787 874 1884 revertetur,
902 1780 978 1869 ob·
1032 1780 1170 1867 salem
1196 1782 1384 1887 genitor,
1417 1785 1599 1887 visaque
1630 1780 1688 1868 ad
1721 1807 1862 1869 sacer·

150 1921 288 1995 secro,
308 1896 592 2003 enimapderi
606 1893 735 2002 hujus
749 1895 795 1979 in
808 1900 979 1982 viscera
1032 1892 1162 1981 dotes
1179 1895 1339 1982 retulit
1365 1892 1615 2002 Respondit
1633 1905 1780 1981 autem
1799 1894 1863 1980 illi

150 2011 251 2112 ejus.
277 2010 337 2096 Et
355 2008 578 2096 exaudivit
592 2010 809 2096 Deminus
821 2034 980 2096 vocem
1033 2007 1392 2109 Chrematismus,
1409 2005 1497 2094 hoc
1516 2017 1594 2110 est,
1614 2007 1862 2112 Oreculum,

30 2121 35 2134 ’
149 2122 278 2208 Fliae:
312 2135 356 2211 et
381 2127 560 2209 reversa
587 2133 655 2209 cst
681 2124 825 2210 anima
851 2123 979 2231 priori
1033 2121 1126 2208 sive
1145 2123 1419 2230 Responsor:
1443 2123 1563 2209 Cave
1585 2121 1863 2208 manifestum

150 2236 264 2324 intra
283 2263 395 2338 eum,
414 2248 460 2325 et
476 2238 646 2324 revixit
1030 2234 1284 2323 laciaszcrit
1303 2235 1467 2345 quippe
1484 2235 1631 2323 lumen
1643 2235 1723 2320 filii
1734 2234 1862 2343 hujus

202 2355 252 2454 lt.
278 2352 476 2438 Reversa
503 2360 571 2438 est
597 2351 742 2436 Anima
767 2351 895 2459 pieri
916 2351 978 2436 in·
1032 2348 1312 2453 domicilium,
1327 2349 1668 2456 sermoquecJus
1683 2346 1862 2435 demon·

148 2473 216 2552 tra
234 2491 352 2568 eum,
373 2474 417 2553 et
434 2465 610 2567 revixit,
628 2475 673 2552 ct
690 2462 874 2552 tradidit
890 2490 978 2551 ma·
1032 2463 1188 2550 stritio
1221 2488 1274 2550 ac
1306 2463 1543 2550 sententia:
1575 2473 1620 2549 ct
1650 2460 1863 2569 judicabit

149 2579 205 2664 tri
225 2604 339 2681 suae,
364 2587 409 2667 et
431 2579 492 2664 ait
512 2577 590 2662 illi:
609 2579 718 2664 *En
735 2578 846 2664 vivit
863 2578 979 2664 filius
1029 2576 1170 2662 Israel
1196 2602 1298 2664 cum
1323 2578 1440 2682 igne,
1473 2585 1567 2662 tum
1593 2574 1863 2682 rhomphaea.

150 2701 260 2779 tuus.
315 2683 366 2790 ll.
391 2691 511 2778 Tulit
543 2691 664 2778 Elias
696 2698 900 2800 puerum,
934 2701 979 2780 et
1030 2691 1116 2776 Hic
1135 2701 1203 2777 est
1224 2689 1298 2776 illc
1315 2689 1451 2792 Elias,
1478 2689 1553 2797 qui
1575 2699 1644 2776 ter
1665 2689 1861 2796 igneme

151 2804 357 2915 depesuit
396 2831 498 2892 eum
533 2807 579 2894 in
613 2805 867 2892 inferiorem
901 2803 978 2892 do·
1031 2803 1146 2892 coelo
1170 2801 1372 2905 deduxit,
1395 2802 1558 2911 quique
1576 2801 1765 2888 imbrem
1782 2827 1861 2888 sua

150 2944 281 3024 mum,
295 2918 459 3008 dicens.
477 2921 557 3007 En.
579 2919 733 3006 Gloria
745 2920 877 3008 Patri.
899 2919 979 3006 En.
1029 2917 1177 3023 lingua
1198 2915 1404 3022 gestivit,
1427 2919 1627 3002 mortuos
1645 2914 1752 3002 item
1769 2940 1861 3000 sus·

1031 3030 1200 3133 citivit,
1225 3042 1270 3116 et
1292 3031 1337 3115 in
1355 3030 1518 3116 coelum
1540 3028 1731 3139 denique
1753 3027 1860 3112 nim·

199 3211 303 3292 Ant.
325 3210 507 3294 Pactum
521 3217 591 3294 est
603 3207 787 3294 verbum
800 3209 979 3294 Demini
1029 3143 1863 3250 b⁰’⁵eut¹lfbineigni⁵’aesfimptuffli

150 3323 204 3411 ad
216 3323 373 3424 Eliam,
390 3320 558 3408 dicens:
576 3319 717 3424 Vade,
736 3331 781 3408 et
794 3321 978 3410 ostende
1088 3293 1139 3396 li·
1159 3285 1237 3371 Ast
1269 3282 1440 3371 Abdfflfl
1472 3282 1528 3370 ad
1555 3282 1716 3368 Ellam:
1751 3282 1861 3368 Cum

150 3447 192 3522 te
217 3435 395 3538 Achab,
420 3443 469 3521 ut
495 3433 597 3522 dem
622 3435 818 3543 pluviam
844 3460 978 3543 super
1030 3402 1256 3533 missen!
1292 3424 1319 3485 a
1352 3408 1417 3529 15,
1458 3397 1646 3504 Spiritus
1681 3395 1860 3481 D⁶mini

150 3550 307 3638 faciem
322 3559 464 3636 terrae,
1030 3510 1278 3621 asportebrt
1307 3522 1353 3598 te
1378 3512 1594 3595 inlocum
1622 3533 1754 3616 quem
1777 3533 1860 3615 ego

200 3663 301 3744 Ant.
330 3663 403 3748 Ait
416 3663 536 3749 Elias
550 3660 608 3749 ad
622 3662 794 3751 Achab:
814 3664 976 3749 Ascen·
1029 3626 1202 3730 ig¹¹⁶¹⁰2
1226 3633 1271 3710 et
1295 3633 1345 3710 fu
1366 3623 1494 3710 diei&
1521 3625 1545 3674 *
1566 3622 1651 3706 Dic
1668 3621 1859 3707 D⁶mi¹¹⁰

152 3777 221 3882 de,
253 3773 457 3880 cemcde,
490 3786 534 3863 et
560 3775 681 3882 bibe,
716 3777 818 3886 quia
843 3801 978 3864 sonus
1029 3748 1123 3825 ”¹⁰²
1149 3735 1294 3824 Adest
1316 3735 1446 3822 Elia&
1497 3728 1548 3833 ll·
1575 3733 1699 3820 Dixit
1721 3733 1860 3819 Elias:

150 3891 299 3978 multae
316 3890 480 3999 pluviae
508 3901 586 3977 est
1028 3851 1152 3988 Vivit
1183 3851 1398 3937 Dominus
1434 3853 1704 3982 exercituum
1713 3911 1729 3982 ,·
1759 3857 1861 3935 ante

203 4003 303 4086 Ant.
349 4005 502 4089 Manus
539 4003 717 4089 Domini
752 4005 865 4090 faeta
911 4012 979 4088 est
1030 3992 1153 4073 culus
1176 3966 1346 4052 vultum
1372 3975 1461 4066 sto,
1496 3987 1599 4071 qu1a
1624 3959 1758 4050 hodie
1785 3986 1859 4071 ap·

152 4141 283 4227 super
309 4117 468 4221 Eliam,
495 4117 791 4226 accinctisque
816 4114 978 4201 lumbis
1029 4105 1111 4189 Par
1113 4078 1199 4166 ⁶1³0
1217 4079 1268 4164 θὶ
1294 4078 1388 4165 Dic·

152 4230 354 4318 currebat
377 4240 478 4318 ante
501 4230 673 4335 Achab,
699 4229 843 4317 donec
860 4233 977 4317 veni·
1059 4240 1125 4322 Fu
1141 4235 1255 4323 libro
1273 4235 1413 4323 sancti
1432 4233 1593 4322 Isideri
1611 4233 1833 4342 Episcopi.

152 4354 217 4430 ret
233 4345 279 4430 in
297 4344 509 4431 Jezrahel.
1134 4371 1190 4440 Dc
1214 4371 1293 4441 vita
1318 4380 1354 4440 et
1377 4381 1498 4440 morte
1523 4369 1759 4440 Sanctorum.

201 4447 253 4552 P.
276 4459 347 4545 Tu
374 4459 499 4564 ungis
527 4483 654 4564 reges
680 4457 739 4544 ad
765 4457 978 4567 poeniten·
1338 4499 1490 4584 Lectio
1511 4525 1548 4580 v·

153 4569 265 4656 tiam.
319 4575 370 4678 li.
395 4574 454 4682 Et
474 4571 721 4680 Prophetas
746 4573 855 4658 lacis
882 4596 977 4658 suc·
1112 4617 1205 4721 Has,
1224 4616 1299 4724 qui
1315 4617 1628 4723 interpretatur
1641 4615 1857 4701 Dominus

154 4689 351 4772 ⁰⁰⁸⁸⁶¹e⁸
368 4697 474 4796 1²⁰⁶st
490 4699 546 4775 te·
1130 4731 1262 4832 Deus,
1276 4727 1523 4831 Thesbites,
1539 4727 1755 4815 Sacerdos
1768 4752 1856 4813 ma·

192 4836 256 4922 Ex
273 4834 388 4925 libro
405 4836 446 4923 S.
464 4835 700 4945 Epiphenii
715 4834 940 4943 Episcopi.
1028 4870 1159 4952 gnus,
1193 4853 1327 4951 atquc
1358 4841 1602 4950 Propheta,
1635 4839 1857 4928 habitetor

377 4955 432 5028 De
455 4955 548 5026 vius
574 4955 754 5046 Prophet.
1029 4956 1297 5060 sohtudinis,
1319 4953 1409 5044 fide
1425 4957 1601 5064 plenus,
1619 4952 1856 5043 devotiene

452 5077 603 5164 Lectio
622 5079 674 5162 iv.
1028 5096 1242 5174 summus,
1264 5069 1856 5173 inlaberibuslortis‚inin·

364 5190 588 5301 Propheta
611 5216 668 5279 ex
690 5189 881 5280 Thesbis
905 5214 976 5277 ex·
1028 5185 1197 5273 dustria
1224 5183 1383 5288 solers,
1418 5182 1650 5269 excellenti
1682 5182 1855 5286 ingenio

155 5193 479 5484 'Adlitebat
516 5331 542 5392 e
579 5306 827 5392 continente
868 5305 976 5390 Ara·
1028 5298 1254 5410 praeditus,
1269 5299 1317 5383 in
1334 5296 1645 5387 exercitatidne
1664 5293 1856 5405 discipli·

291 5419 414 5524 bum,
440 5420 497 5508 de
518 5419 658 5505 Tribu
679 5420 831 5505 Aaron
852 5417 977 5506 Levi·
1028 5440 1098 5502 nae
1124 5423 1291 5516 rectus,
1322 5411 1368 5496 in
1395 5420 1547 5498 sancta
1571 5407 1855 5495 meditatidne

374 3081 422 3158 In
450 3081 499 3160 H.
529 3081 753 3162 Nocturno.

158 5539 221 5620 ta,
265 5532 525 5622 Morabttur
550 5542 699 5620 autem
719 5531 766 5617 in
790 5527 977 5624 Gelaad:
1028 5527 1247 5631 assiduus,
1268 5532 1477 5634 metuque
1499 5523 1654 5612 mortis
1675 5523 1854 5632 intrepi·
