4290 6188
822 519 937 588 Festa
960 517 1097 588 Martii.
1121 519 1175 604 (5.)
1783 511 1850 584 25*

198 697 250 801 lu.
278 703 406 788 Beati
437 695 662 808 sunt,·'qui
687 711 732 788 tc
759 702 973 789 vidanmt.
1024 704 1091 788 sit
1117 701 1260 810 Muysi
1274 703 1389 788 enim
1401 701 1545 806 legem
1559 699 1696 804 dedit;
1713 727 1849 808 quare

144 819 207 925 Iu·
221 815 281 902 Et
292 815 338 900 in
351 815 541 900 amicitia
554 823 630 900 tua
648 814 846 903 decorati
860 825 973 902 sunt.
1023 842 1113 902 non
1129 816 1284 908 fuisset
1303 841 1461 923 passus
1479 815 1657 923 Muyses
1675 815 1847 901 concul-

143 973 305 1058 Luctio
323 972 464 1058 sancti
481 965 708 1112 Evaugalii
731 974 972 1060 secundum
1003 929 1114 1128 {22¹
1145 927 1848 1128 Ῑὲξέἰοὲἶόῖἒὲξζξῐὲῧξωῒξ

193 1211 349 1296 Lectio
369 1085 696 1296 Viiwatthaeum'
743 1217 834 1323 Cap
861 1219 906 1302 17
1022 1070 1175 1242 latul'is
1193 1154 1378 1257 hostem,
1395 1154 1511 1241 lator
1527 1069 1624 1261 ilpsd
1641 1067 1850 1286 umqgullllln

431 1280 438 1294 '
838 1282 845 1298 ·
910 1283 917 1300 ·
1023 1267 1242 1354 coluisset.
1284 1267 1404 1352 Elias
1432 1276 1578 1353 autem
1601 1292 1684 1374 pro
1711 1266 1850 1398 glana

1051 1495 1061 1513 .
1186 1495 1195 1514 .
1280 1389 1316 1484 t;
1352 1404 1487 1486 quare
1521 1406 1610 1466 non
1641 1383 1851 1514 astitisset

142 1555 326 1641 fratrem
345 1557 448 1661 ejus,
467 1565 519 1642 et
529 1555 655 1642 duxit
670 1555 770 1641 illos
787 1557 833 1640 in
851 1582 970 1642 mon·
1012 1520 1109 1711 ᾗ
1123 1490 1849 1715 ἓῆοῇιὲξὲῗῃθζθρξῐῖιῗεθῗὲἳὲ

741 1668 972 1890 aratu·
1022 1721 1215 1921 pp
1240 1719 1362 1827 uu
1485 1720 1695 1858 seur
1710 1719 1847 1808 uu-

278 1937 469 2026 Homilia
495 1937 636 2024 sancti
660 1938 687 2022 J
689 1938 844 2024 oannis
1076 1958 1127 2062 Io.
1149 1949 1226 2034 Ait
1243 1947 1364 2032 Elias
1385 1947 1548 2033 nuntiis
1567 1948 1683 2053 regis
1701 1948 1847 2034 Sama·
1962 1997 1967 2008 ·

406 2051 719 2158 Chrysustomi·
1020 2065 1114 2146 riae:
1137 2058 1364 2168 Numquid
1385 2086 1474 2146 non
1499 2060 1848 2148 estDeusinIs·

142 2181 284 2252 Homil.
299 2179 350 2250 57.
368 2181 407 2249 in
418 2179 550 2251 Matth.
566 2179 685 2270 paulo
703 2187 793 2269 post
804 2181 967 2269 princip.
1020 2173 1121 2275 tabl,
1136 2184 1183 2260 ut
1197 2175 1307 2260 eatis
1322 2173 1379 2260 ad
1393 2171 1670 2260 Beelzebub?
1692 2177 1848 2279 Quam·

265 2290 361 2394 ujus
379 2295 526 2372 autem
544 2287 608 2373 rei
622 2287 763 2390 gratia
778 2285 972 2393 Muysen,
1022 2285 1175 2374 ubrem
1206 2287 1302 2372 haec
1334 2286 1441 2373 dicit
1466 2288 1702 2373 Dominus:
1730 2299 1754 2351 *
1779 2287 1849 2373 De

290 2409 336 2486 et
360 2399 503 2484 Eliam
530 2397 767 2508 produxit?
811 2398 972 2484 Multas
1020 2399 1201 2505 lectulo,
1246 2426 1379 2508 super
1425 2425 1555 2507 quem
1599 2399 1847 2505 ascendisti,
1928 2493 1933 2510 ⁸

159 2514 249 2567 ³⁶¹1*
290 2513 467 2620 quidem
501 2511 648 2599 dicere
684 2513 780 2619 quis
815 2537 971 2598 causas
1019 2538 1109 2598 non
1133 2512 1392 2616 descendes,
1420 2513 1500 2600 sed
1526 2523 1668 2600 morte
1691 2514 1846 2600 moria·

140 2637 307 2736 posset.
327 2627 522 2712 Primum
537 2625 804 2733 quoniamst
817 2624 970 2726 turbae,
1020 2627 1091 2710 ris.
1117 2621 1170 2730 ii.
1185 2628 1370 2714 Revarsi
1383 2627 1523 2714 nuntii
1536 2627 1593 2714 ad
1608 2627 1847 2714 Ochoziam

140 2743 215 2828 alii
235 2742 393 2843 Elium,
417 2739 491 2825 alii
512 2738 539 2823 J
540 2744 764 2840 eremiam,
789 2738 860 2823 alii
884 2738 969 2846 pri·
1020 2737 1240 2827 dnenmt:
1278 2741 1360 2826 Vir
1395 2743 1586 2829 occurrit
1621 2740 1749 2827 nobis
1784 2739 1845 2828 di·

139 2859 317 2940 scarum
329 2852 650 2960 Prophetarum
668 2877 802 2936 unum
821 2853 968 2958 opina·
1020 2878 1138 2939 cens:
1156 2855 1236 2956 Ite,
1262 2863 1306 2940 et
1323 2855 1592 2941 revertimini
1610 2855 1667 2941 ad
1685 2877 1845 2959 regem,

138 2967 317 3055 bantur:
342 2967 508 3053 idcirco
535 2965 720 3074 Moysen
746 2973 792 3051 et
815 2965 969 3068 Eliam,
1021 2976 1065 3052 et
1082 2963 1238 3053 dicatis
1258 2969 1307 3053 ei.
1334 2968 1413 3054 De.

138 3085 388 3168 ceterarum
421 3077 742 3187 Prophetarum
770 3078 968 3183 vartices,
1304 3093 1457 3179 Lectio
1477 3093 1562 3176 viii,

137 3192 364 3303 prodicit,
388 3202 437 3279 ut
462 3219 594 3300 quam
610 3218 817 3298 magnum
835 3186 892 3278 sit
908 3194 968 3277 in·
1097 3191 1128 3280 d
1150 3194 1248 3280 haec
1276 3195 1422 3280 amnia
1448 3192 1558 3280 illud
1584 3193 1717 3280 atiam
1744 3198 1845 3302 pus·

136 3318 208 3395 ter
227 3333 392 3409 servos,
410 3317 455 3394 et
467 3307 705 3390 Dominum
724 3304 968 3410 discrimen,
1143 3334 1293 3394 sumus
1317 3307 1481 3411 dicere,
1505 3315 1555 3392 ut
1577 3318 1668 3394 tam
1690 3309 1845 3394 mortis

139 3421 282 3508 oculis
295 3423 549 3523 cameram,
576 3430 713 3527 utque
732 3429 855 3505 recte
878 3419 966 3504 lau·
1020 3448 1153 3529 quam
1178 3423 1282 3507 vitae
1313 3420 1477 3507 habere
1503 3424 1772 3528 potestatem
1796 3422 1844 3505 li·

138 3534 294 3621 datum
318 3533 549 3620 crederent
572 3533 772 3635 Petrum,
800 3533 875 3639 qui
900 3534 967 3618 Fi·
1020 3537 1173 3643 quido,
1204 3562 1256 3621 ac
1282 3560 1387 3621 vere
1413 3534 1682 3636 credcratur3
1709 3545 1845 3641 utque

138 3648 246 3734 lium
269 3648 353 3733 Dei
380 3672 480 3732 eum
508 3646 737 3732 confussus
760 3655 839 3732 est.
884 3647 966 3732 De·
1018 3655 1323 3756 supernarum,
1350 3660 1395 3735 et
1410 3649 1678 3734 infernorum
1695 3647 1844 3731 Domi·

138 3759 242 3848 inde
262 3761 468 3869 quuniam
487 3759 663 3846 assidue
685 3759 811 3866 quasi
828 3769 965 3845 trans·
1016 3790 1100 3848 nus
1124 3762 1446 3864 ostenderatur3
1469 3759 1635 3845 idcirco
1659 3759 1844 3868 Muysen

138 3879 390 3979 gressorem
407 3874 518 3979 legis
530 3874 556 3957 J
557 3873 673 3960 uda'ei
691 3873 967 3974 accusabant,
1018 3877 1102 3982 jam
1124 3881 1365 3976 murtuum,
1389 3886 1434 3961 et
1457 3874 1614 3978 Euam,
1642 3874 1716 3980 qui
1737 3900 1843 3960 non·

138 4000 182 4075 et
219 3985 528 4096 blasphemare
565 3985 799 4094 putabant,
840 3989 967 4094 quasi
1018 3990 1122 4077 dum
1139 3990 1185 4076 id
1204 4015 1362 4098 passus
1380 3997 1459 4090 est,
1477 3984 1728 4073 inmedium
1744 4013 1843 4095 pro·

137 4103 324 4208 gluriam
348 4102 493 4189 Patris
523 4100 633 4186 nihil
658 4100 716 4187 ad
743 4124 843 4185 eum
870 4127 966 4208 per·
1018 4101 1154 4190 duxit.
1198 4105 1410 4207 Quartam
1432 4126 1539 4186 vero
1564 4127 1742 4186 causam
1758 4103 1842 4186 Ev-

138 4219 349 4304 tinantem
400 4213 684 4302 vindicarent.
751 4215 967 4304 Dicebant
1018 4218 1229 4322 angelista
1244 4240 1422 4323 quoque
1436 4214 1533 4321 ipse
1544 4214 1699 4320 tetigit.
1717 4219 1842 4320 Quae·

138 4331 270 4417 enim:
289 4331 374 4416 Hic
387 4355 476 4415 non
493 4338 562 4415 est
577 4328 725 4431 aDeo,
744 4330 847 4436 quia
859 4329 964 4416 Sab·
1016 4358 1117 4416 nam
1156 4331 1288 4436 igitur
1329 4329 1405 4415 illa
1446 4327 1539 4416 est?
1596 4329 1657 4416 Ut
1700 4331 1843 4416 crucis

136 4445 292 4532 batum
316 4469 406 4530 non
431 4453 597 4546 servat;
628 4454 673 4529 et
697 4469 866 4529 rursus:
896 4445 966 4532 De
1016 4445 1201 4549 gloriam
1225 4442 1447 4545 ostendat,
1474 4454 1518 4529 et
1540 4453 1630 4528 tam
1651 4443 1843 4544 Petrum,

137 4557 258 4644 bono
277 4561 412 4665 apere
430 4581 518 4641 non
535 4556 782 4664 lapidamus
799 4566 861 4661 te,
885 4557 966 4644 sed
1018 4571 1149 4665 quam
1167 4557 1377 4665 reliquos,
1397 4557 1472 4662 qui
1489 4556 1741 4663 passiunem
1758 4556 1842 4642 for·

139 4696 239 4757 cum
262 4672 323 4756 sis
347 4667 499 4772 hom0,
526 4669 671 4756 Deum
694 4679 740 4757 te
764 4670 889 4774 facis3
918 4681 967 4758 ut
1016 4669 1256 4773 midabant,
1275 4670 1587 4773 consolatam,
1606 4681 1651 4756 et
1668 4669 1726 4756 ad
1743 4670 1842 4757 sub·

137 4787 236 4893 ipsa
252 4810 301 4870 re
318 4788 648 4886 monstraretur,
667 4784 770 4889 quia
787 4808 843 4868 ex
859 4783 965 4869 invi-
1016 4784 1161 4868 limius
1194 4790 1391 4889 erigeret
1443 4783 1545 4868 Non
1578 4783 1694 4868 enim
1728 4790 1842 4870 taca·

140 4899 213 4986 dia
228 4897 326 4984 haec
339 4897 689 5000 criminabantur,
708 4898 810 5004 quia
823 4899 966 4984 neutri
1016 4897 1138 4995 bant,
1169 4898 1326 5005 inquit,
1357 4896 1437 4983 sed
1462 4897 1759 5004 loquebantur
1786 4897 1841 4985 de

137 5011 293 5098 horum
311 5013 539 5099 criminum
560 5011 861 5117 subjiceretur,
883 5037 965 5098 nec
1016 5011 1171 5116 gloria,
1200 5037 1330 5118 quam
1357 5010 1658 5118 completurus
1682 5013 1842 5098 eratin

137 5125 248 5230 legis
269 5125 586 5234 praevaricator
608 5133 743 5226 esset,
765 5148 847 5210 nec
864 5124 964 5210 alia·
1016 5125 1276 5228 Jerusalem,
1304 5123 1360 5210 de
1386 5149 1517 5210 cruce
1539 5123 1762 5227 videlicet,
1789 5153 1842 5212 ac

138 5237 437 5342 namgloriam
450 5236 536 5323 sibi
549 5240 806 5348 acquireret
821 5243 964 5343 aequa·
1014 5239 1239 5344 passione:
1266 5237 1330 5322 sic
1355 5238 1472 5323 enim
1497 5238 1641 5344 ipsam
1666 5263 1841 5347 semper

137 5350 223 5437 lem
246 5375 296 5436 se
316 5349 439 5438 Patri
461 5347 677 5453 saciando,
701 5375 779 5436 eos
801 5350 963 5458 produ·
1015 5349 1280 5458 appellabat.

138 5465 202 5552 xit
226 5465 272 5550 in
298 5463 508 5568 madium,
541 5489 728 5572 quorum
754 5464 964 5550 altaruter
1070 5471 1123 5578 ip.
1143 5463 1326 5550 Factum
1345 5473 1422 5566 est,
1440 5462 1543 5550 dum
1562 5463 1736 5549 tolleret
1751 5464 1840 5549 Du·

138 5579 181 5662 in
199 5577 410 5664 alterutra
426 5579 610 5664 istarum
626 5601 773 5663 rerum
789 5577 963 5685 praeiul·
1014 5577 1157 5663 minus
1175 5577 1318 5662 Eliam
1341 5602 1423 5686 per
1444 5575 1664 5662 turbinem
1686 5576 1730 5662 in
1754 5601 1839 5664 coe·

141 1319 221 1534 In
238 1328 315 1413 illo
332 1333 551 1436 tampore:
575 1329 828 1438 Assumpsit
845 1331 972 1416 Jesus
1023 1381 1108 1466 Dei
1137 1381 1279 1467 zelavi

208 1442 402 1544 Petrum,
420 1451 465 1529 et
482 1441 707 1545 Iacobum,
727 1453 771 1529 et
788 1442 815 1527 J
816 1448 972 1529 oauem
