<?xml version="1.0" encoding="UTF-8"?>
<!DOCTYPE html PUBLIC "-//W3C//DTD XHTML 1.0 Transitional//EN"
    "http://www.w3.org/TR/xhtml1/DTD/xhtml1-transitional.dtd">
<html xmlns="http://www.w3.org/1999/xhtml" xml:lang="en" lang="en">
 <head>
  <title>
</title>
<meta http-equiv="Content-Type" content="text/html;charset=utf-8" />
  <meta name='ocr-system' content='tesseract 3.04.00' />
  <meta name='ocr-capabilities' content='ocr_page ocr_carea ocr_par ocr_line ocrx_word'/>
</head>
<body>
  <div class='ocr_page' id='page_1' title='image "./officiaproprias01churgoog_0382.png"; bbox 0 0 4290 6188; ppageno 0'>
   <div class='ocr_carea' id='block_1_1' title="bbox 636 513 1326 604">
    <p class='ocr_par' dir='ltr' id='par_1_1' title="bbox 636 513 1326 604">
     <span class='ocr_line' id='line_1_1' title="bbox 636 513 1326 604; baseline -0.001 -18"><span class='ocrx_word' id='word_1_1' title='bbox 636 515 693 586; x_wconf 88' lang='lat' dir='ltr'>Ss.</span> <span class='ocrx_word' id='word_1_2' title='bbox 718 513 875 604; x_wconf 83' lang='lat' dir='ltr'>Spineae</span> <span class='ocrx_word' id='word_1_3' title='bbox 900 515 1066 586; x_wconf 87' lang='lat' dir='ltr'>Coronae</span> <span class='ocrx_word' id='word_1_4' title='bbox 1089 515 1133 585; x_wconf 94' lang='lat' dir='ltr'>D.</span> <span class='ocrx_word' id='word_1_5' title='bbox 1158 515 1203 585; x_wconf 90' lang='lat' dir='ltr'>N.</span> <span class='ocrx_word' id='word_1_6' title='bbox 1227 515 1261 585; x_wconf 83' lang='lat' dir='ltr'>J.</span> <span class='ocrx_word' id='word_1_7' title='bbox 1286 515 1326 588; x_wconf 93' lang='lat' dir='ltr'>C.</span> 
     </span>
    </p>
   </div>
   <div class='ocr_carea' id='block_1_2' title="bbox 158 699 1839 1043">
    <p class='ocr_par' dir='ltr' id='par_1_2' title="bbox 158 699 1839 1043">
     <span class='ocr_line' id='line_1_2' title="bbox 158 699 1839 798; baseline 0.001 -2"><span class='ocrx_word' id='word_1_8' title='bbox 158 714 313 796; x_wconf 85' lang='lat' dir='ltr'>Sermo</span> <span class='ocrx_word' id='word_1_9' title='bbox 330 709 471 795; x_wconf 84' lang='lat' dir='ltr'>sancti</span> <span class='ocrx_word' id='word_1_10' title='bbox 488 708 706 796; x_wconf 77' lang='lat' dir='ltr'>Berndrdi</span> <span class='ocrx_word' id='word_1_11' title='bbox 723 707 924 795; x_wconf 74' lang='lat' dir='ltr'>Abbitis.</span> <span class='ocrx_word' id='word_1_12' title='bbox 1006 707 1113 792; x_wconf 91' lang='lat' dir='ltr'>mihi</span> <span class='ocrx_word' id='word_1_13' title='bbox 1125 699 1382 796; x_wconf 85' lang='lat' dir='ltr'>fasciculum</span> <span class='ocrx_word' id='word_1_14' title='bbox 1392 711 1627 797; x_wconf 80' lang='lat' dir='ltr'>collectum</span> <span class='ocrx_word' id='word_1_15' title='bbox 1638 738 1695 798; x_wconf 83' lang='lat' dir='ltr'>ex</span> <span class='ocrx_word' id='word_1_16' title='bbox 1705 713 1839 798; x_wconf 86' lang='lat' dir='ltr'>dmni·</span> 
     </span>
     <span class='ocr_line' id='line_1_3' title="bbox 246 821 1838 922; baseline 0.004 -17"><span class='ocrx_word' id='word_1_17' title='bbox 246 833 364 905; x_wconf 86' lang='lat' dir='ltr'>Serm.</span> <span class='ocrx_word' id='word_1_18' title='bbox 388 833 419 904; x_wconf 86' lang='lat'>2.</span> <span class='ocrx_word' id='word_1_19' title='bbox 443 834 483 903; x_wconf 90' lang='lat' dir='ltr'>in</span> <span class='ocrx_word' id='word_1_20' title='bbox 507 832 656 922; x_wconf 87' lang='lat' dir='ltr'>Epiph.&#39;</span> <span class='ocrx_word' id='word_1_21' title='bbox 671 831 838 905; x_wconf 85' lang='lat' dir='ltr'><strong>Domini.</strong></span> <span class='ocrx_word' id='word_1_22' title='bbox 1006 821 1090 908; x_wconf 86' lang='lat' dir='ltr'>bns</span> <span class='ocrx_word' id='word_1_23' title='bbox 1131 821 1424 909; x_wconf 70' lang='lat' dir='ltr'>anxietdtibus</span> <span class='ocrx_word' id='word_1_24' title='bbox 1457 832 1503 910; x_wconf 79' lang='lat' dir='ltr'>et</span> <span class='ocrx_word' id='word_1_25' title='bbox 1541 824 1838 912; x_wconf 74' lang='lat' dir='ltr'>amaritudini·</span> 
     </span>
     <span class='ocr_line' id='line_1_4' title="bbox 428 933 1839 1043; baseline 0.001 -23"><span class='ocrx_word' id='word_1_26' title='bbox 428 939 581 1023; x_wconf 85' lang='lat' dir='ltr'>Lectio</span> <span class='ocrx_word' id='word_1_27' title='bbox 599 939 653 1022; x_wconf 86' lang='lat' dir='ltr'>iv.</span> <span class='ocrx_word' id='word_1_28' title='bbox 1006 934 1090 1021; x_wconf 85' lang='lat' dir='ltr'>bus</span> <span class='ocrx_word' id='word_1_29' title='bbox 1107 936 1287 1022; x_wconf 80' lang='lat' dir='ltr'>Domini</span> <span class='ocrx_word' id='word_1_30' title='bbox 1308 937 1395 1022; x_wconf 90' lang='lat' dir='ltr'>mei</span> <span class='ocrx_word' id='word_1_31' title='bbox 1414 933 1639 1043; x_wconf 60' lang='lat' dir='ltr'>colligare,</span> <span class='ocrx_word' id='word_1_32' title='bbox 1664 946 1710 1024; x_wconf 86' lang='lat' dir='ltr'>et</span> <span class='ocrx_word' id='word_1_33' title='bbox 1726 938 1839 1024; x_wconf 86' lang='lat' dir='ltr'>inter</span> 
     </span>
    </p>
   </div>
   <div class='ocr_carea' id='block_1_3' title="bbox 124 1047 1840 1336">
    <p class='ocr_par' dir='ltr' id='par_1_3' title="bbox 124 1047 1840 1336">
     <span class='ocr_line' id='line_1_5' title="bbox 124 1047 1840 1336; baseline 0.002 -201"><span class='ocrx_word' id='word_1_34' title='bbox 124 1047 490 1336; x_wconf 58' lang='grc' dir='ltr'><strong>Ιὲοάίωίηἱ,</strong></span> <span class='ocrx_word' id='word_1_35' title='bbox 524 1048 629 1134; x_wconf 85' lang='lat' dir='ltr'>flliae</span> <span class='ocrx_word' id='word_1_36' title='bbox 664 1048 791 1154; x_wconf 89' lang='lat' dir='ltr'>Si0n;</span> <span class='ocrx_word' id='word_1_37' title='bbox 825 1049 954 1136; x_wconf 89' lang='lat' dir='ltr'>vobis</span> <span class='ocrx_word' id='word_1_38' title='bbox 1005 1048 1144 1135; x_wconf 77' lang='lat' dir='ltr'>ibera</span> <span class='ocrx_word' id='word_1_39' title='bbox 1169 1074 1268 1135; x_wconf 86' lang='lat' dir='ltr'>mea</span> <span class='ocrx_word' id='word_1_40' title='bbox 1295 1049 1516 1136; x_wconf 74' lang='lat' dir='ltr'>collocdre</span> <span class='ocrx_word' id='word_1_41' title='bbox 1543 1047 1704 1136; x_wconf 75' lang='lat' dir='ltr'>curdvi.</span> <span class='ocrx_word' id='word_1_42' title='bbox 1750 1050 1840 1138; x_wconf 85' lang='lat' dir='ltr'>Me·</span> 
     </span>
    </p>
   </div>
   <div class='ocr_carea' id='block_1_4' title="bbox 121 1159 1919 5696">
    <p class='ocr_par' dir='ltr' id='par_1_4' title="bbox 121 1159 1919 5696">
     <span class='ocr_line' id='line_1_6' title="bbox 295 1159 1878 1265; baseline 0.003 -19"><span class='ocrx_word' id='word_1_43' title='bbox 295 1162 470 1265; x_wconf 86' lang='lat' dir='ltr'>icimus,</span> <span class='ocrx_word' id='word_1_44' title='bbox 505 1161 609 1247; x_wconf 82' lang='lat' dir='ltr'>liliae</span> <span class='ocrx_word' id='word_1_45' title='bbox 642 1160 766 1260; x_wconf 88' lang='lat' dir='ltr'>Sion,</span> <span class='ocrx_word' id='word_1_46' title='bbox 797 1163 955 1250; x_wconf 74' lang='lat' dir='ltr'>dnimae</span> <span class='ocrx_word' id='word_1_47' title='bbox 1005 1163 1192 1248; x_wconf 81' lang='lat' dir='ltr'>moriam</span> <span class='ocrx_word' id='word_1_48' title='bbox 1211 1162 1494 1249; x_wconf 75' lang='lat' dir='ltr'>abunddntiae</span> <span class='ocrx_word' id='word_1_49' title='bbox 1514 1164 1744 1250; x_wconf 77' lang='lat' dir='ltr'>suavitdtis</span> <span class='ocrx_word' id='word_1_50' title='bbox 1762 1164 1838 1250; x_wconf 93' lang='lat' dir='ltr'>ho·</span> <span class='ocrx_word' id='word_1_51' title='bbox 1875 1159 1878 1166; x_wconf 80' lang='grc'><strong><em>’</em></strong></span> 
     </span>
     <span class='ocr_line' id='line_1_7' title="bbox 261 1273 1838 1384; baseline 0.001 -24"><span class='ocrx_word' id='word_1_52' title='bbox 261 1275 512 1376; x_wconf 75' lang='lat' dir='ltr'>saeculsres,</span> <span class='ocrx_word' id='word_1_53' title='bbox 531 1273 715 1376; x_wconf 78' lang='lat' dir='ltr'>debiles,</span> <span class='ocrx_word' id='word_1_54' title='bbox 734 1274 955 1376; x_wconf 75' lang='lat' dir='ltr'>delicdtae3</span> <span class='ocrx_word' id='word_1_55' title='bbox 1006 1300 1104 1359; x_wconf 91' lang='lat' dir='ltr'>rum</span> <span class='ocrx_word' id='word_1_56' title='bbox 1139 1275 1352 1362; x_wconf 73' lang='lat' dir='ltr'>eructdbo</span> <span class='ocrx_word' id='word_1_57' title='bbox 1395 1277 1545 1384; x_wconf 87' lang='lat' dir='ltr'>quoad</span> <span class='ocrx_word' id='word_1_58' title='bbox 1579 1280 1752 1378; x_wconf 85' lang='lat' dir='ltr'>vixero,</span> <span class='ocrx_word' id='word_1_59' title='bbox 1795 1277 1838 1361; x_wconf 91' lang='lat' dir='ltr'>in</span> 
     </span>
     <span class='ocr_line' id='line_1_8' title="bbox 123 1385 1839 1496; baseline 0.001 -22"><span class='ocrx_word' id='word_1_60' title='bbox 123 1385 238 1490; x_wconf 87' lang='lat' dir='ltr'>liliae,</span> <span class='ocrx_word' id='word_1_61' title='bbox 272 1397 319 1475; x_wconf 88' lang='lat' dir='ltr'>et</span> <span class='ocrx_word' id='word_1_62' title='bbox 343 1407 433 1474; x_wconf 90' lang='lat' dir='ltr'>non</span> <span class='ocrx_word' id='word_1_63' title='bbox 460 1387 558 1490; x_wconf 90' lang='lat' dir='ltr'>iiiii,</span> <span class='ocrx_word' id='word_1_64' title='bbox 589 1388 634 1473; x_wconf 94' lang='lat' dir='ltr'>in</span> <span class='ocrx_word' id='word_1_65' title='bbox 663 1388 821 1496; x_wconf 86' lang='lat' dir='ltr'>quibus</span> <span class='ocrx_word' id='word_1_66' title='bbox 847 1389 955 1474; x_wconf 92' lang='lat' dir='ltr'>nihil</span> <span class='ocrx_word' id='word_1_67' title='bbox 1007 1392 1219 1474; x_wconf 75' lang='lat' dir='ltr'>aeternum</span> <span class='ocrx_word' id='word_1_68' title='bbox 1237 1412 1326 1474; x_wconf 92' lang='lat' dir='ltr'>non</span> <span class='ocrx_word' id='word_1_69' title='bbox 1345 1389 1582 1476; x_wconf 77' lang='lat' dir='ltr'>obliviscar</span> <span class='ocrx_word' id='word_1_70' title='bbox 1599 1391 1839 1476; x_wconf 84' lang='lat' dir='ltr'>miseratid·</span> 
     </span>
     <span class='ocr_line' id='line_1_9' title="bbox 122 1495 1840 1611; baseline 0.001 -25"><span class='ocrx_word' id='word_1_71' title='bbox 122 1511 187 1588; x_wconf 87' lang='lat' dir='ltr'>est</span> <span class='ocrx_word' id='word_1_72' title='bbox 203 1495 488 1604; x_wconf 81' lang='lat' dir='ltr'>lortitridinis,</span> <span class='ocrx_word' id='word_1_73' title='bbox 505 1501 613 1586; x_wconf 92' lang='lat' dir='ltr'>nihil</span> <span class='ocrx_word' id='word_1_74' title='bbox 631 1512 699 1588; x_wconf 85' lang='lat' dir='ltr'>est</span> <span class='ocrx_word' id='word_1_75' title='bbox 711 1501 848 1588; x_wconf 84' lang='lat' dir='ltr'>virilis</span> <span class='ocrx_word' id='word_1_76' title='bbox 867 1503 955 1588; x_wconf 81' lang='lat' dir='ltr'>dni·</span> <span class='ocrx_word' id='word_1_77' title='bbox 1006 1525 1085 1586; x_wconf 87' lang='lat' dir='ltr'>nes</span> <span class='ocrx_word' id='word_1_78' title='bbox 1108 1502 1235 1602; x_wconf 86' lang='lat' dir='ltr'>istas,</span> <span class='ocrx_word' id='word_1_79' title='bbox 1264 1503 1366 1609; x_wconf 85' lang='lat' dir='ltr'>quia</span> <span class='ocrx_word' id='word_1_80' title='bbox 1389 1504 1435 1586; x_wconf 92' lang='lat' dir='ltr'>in</span> <span class='ocrx_word' id='word_1_81' title='bbox 1456 1503 1567 1611; x_wconf 88' lang='lat' dir='ltr'>ipsis</span> <span class='ocrx_word' id='word_1_82' title='bbox 1590 1503 1840 1589; x_wconf 66' lang='lat' dir='ltr'>vivificatus</span> 
     </span>
     <span class='ocr_line' id='line_1_10' title="bbox 121 1613 1840 1720; baseline 0.001 -22"><span class='ocrx_word' id='word_1_83' title='bbox 121 1615 186 1698; x_wconf 89' lang='lat' dir='ltr'>mi.</span> <span class='ocrx_word' id='word_1_84' title='bbox 218 1615 491 1720; x_wconf 84' lang='lat' dir='ltr'>Egredimini</span> <span class='ocrx_word' id='word_1_85' title='bbox 509 1615 565 1701; x_wconf 93' lang='lat' dir='ltr'>de</span> <span class='ocrx_word' id='word_1_86' title='bbox 585 1640 718 1701; x_wconf 89' lang='lat' dir='ltr'>sensu</span> <span class='ocrx_word' id='word_1_87' title='bbox 735 1615 879 1701; x_wconf 86' lang='lat' dir='ltr'>carnis</span> <span class='ocrx_word' id='word_1_88' title='bbox 898 1613 956 1702; x_wconf 84' lang='lat' dir='ltr'>ad</span> <span class='ocrx_word' id='word_1_89' title='bbox 1006 1637 1115 1698; x_wconf 87' lang='lat' dir='ltr'>sum.</span> <span class='ocrx_word' id='word_1_90' title='bbox 1158 1614 1266 1699; x_wconf 88' lang='lat' dir='ltr'>Mihi</span> <span class='ocrx_word' id='word_1_91' title='bbox 1287 1615 1360 1700; x_wconf 87' lang='lat' dir='ltr'>hic</span> <span class='ocrx_word' id='word_1_92' title='bbox 1378 1614 1583 1702; x_wconf 65' lang='lat' dir='ltr'>salutaris</span> <span class='ocrx_word' id='word_1_93' title='bbox 1606 1615 1840 1702; x_wconf 81' lang='lat' dir='ltr'>fasciculus</span> 
     </span>
     <span class='ocr_line' id='line_1_11' title="bbox 122 1723 1840 1833; baseline 0.002 -22"><span class='ocrx_word' id='word_1_94' title='bbox 122 1727 390 1816; x_wconf 76' lang='lat' dir='ltr'>intellectum</span> <span class='ocrx_word' id='word_1_95' title='bbox 426 1725 605 1833; x_wconf 86' lang='lat' dir='ltr'>mentis,</span> <span class='ocrx_word' id='word_1_96' title='bbox 651 1723 707 1814; x_wconf 89' lang='lat' dir='ltr'>de</span> <span class='ocrx_word' id='word_1_97' title='bbox 743 1728 955 1815; x_wconf 83' lang='lat' dir='ltr'>servitite</span> <span class='ocrx_word' id='word_1_98' title='bbox 1006 1731 1207 1815; x_wconf 70' lang='lat' dir='ltr'>servitus</span> <span class='ocrx_word' id='word_1_99' title='bbox 1239 1738 1326 1832; x_wconf 80' lang='lat' dir='ltr'>est3</span> <span class='ocrx_word' id='word_1_100' title='bbox 1362 1753 1492 1816; x_wconf 87' lang='lat' dir='ltr'>nemo</span> <span class='ocrx_word' id='word_1_101' title='bbox 1523 1729 1651 1818; x_wconf 90' lang='lat' dir='ltr'>tollet</span> <span class='ocrx_word' id='word_1_102' title='bbox 1681 1752 1840 1816; x_wconf 83' lang='lat' dir='ltr'>cuma</span> 
     </span>
     <span class='ocr_line' id='line_1_12' title="bbox 122 1838 1840 1951; baseline -0.001 -24"><span class='ocrx_word' id='word_1_103' title='bbox 122 1843 308 1928; x_wconf 66' lang='lat' dir='ltr'>carnalis</span> <span class='ocrx_word' id='word_1_104' title='bbox 323 1838 695 1951; x_wconf 74' lang='lat' dir='ltr'>concupiscentiae</span> <span class='ocrx_word' id='word_1_105' title='bbox 709 1842 767 1927; x_wconf 87' lang='lat' dir='ltr'>ad</span> <span class='ocrx_word' id='word_1_106' title='bbox 779 1840 953 1928; x_wconf 64' lang='lat' dir='ltr'>liberti·</span> <span class='ocrx_word' id='word_1_107' title='bbox 1006 1866 1092 1926; x_wconf 86' lang='lat' dir='ltr'>me:</span> <span class='ocrx_word' id='word_1_108' title='bbox 1117 1841 1231 1928; x_wconf 87' lang='lat' dir='ltr'>inter</span> <span class='ocrx_word' id='word_1_109' title='bbox 1255 1842 1393 1929; x_wconf 81' lang='lat' dir='ltr'>ibera</span> <span class='ocrx_word' id='word_1_110' title='bbox 1410 1868 1510 1929; x_wconf 87' lang='lat' dir='ltr'>mea</span> <span class='ocrx_word' id='word_1_111' title='bbox 1529 1841 1840 1930; x_wconf 77' lang='lat' dir='ltr'>comordbitur.</span> 
     </span>
     <span class='ocr_line' id='line_1_13' title="bbox 121 1951 1840 2066; baseline 0 -26"><span class='ocrx_word' id='word_1_112' title='bbox 121 1965 205 2040; x_wconf 85' lang='lat' dir='ltr'>tem</span> <span class='ocrx_word' id='word_1_113' title='bbox 218 1955 465 2063; x_wconf 66' lang='lat' dir='ltr'>spiritualis</span> <span class='ocrx_word' id='word_1_114' title='bbox 481 1951 793 2062; x_wconf 77' lang='lat' dir='ltr'>intelligentiae.</span> <span class='ocrx_word' id='word_1_115' title='bbox 819 1956 954 2062; x_wconf 82' lang='lat' dir='ltr'>Egre-</span> <span class='ocrx_word' id='word_1_116' title='bbox 1006 1955 1117 2040; x_wconf 83' lang='lat' dir='ltr'>Haec</span> <span class='ocrx_word' id='word_1_117' title='bbox 1135 1953 1356 2059; x_wconf 66' lang='lat' dir='ltr'>meditari,</span> <span class='ocrx_word' id='word_1_118' title='bbox 1382 1954 1474 2043; x_wconf 82' lang='lat' dir='ltr'>dixi</span> <span class='ocrx_word' id='word_1_119' title='bbox 1493 1955 1771 2066; x_wconf 77' lang='lat' dir='ltr'>sapientiam:</span> <span class='ocrx_word' id='word_1_120' title='bbox 1794 1951 1840 2040; x_wconf 90' lang='lat' dir='ltr'>in</span> 
     </span>
     <span class='ocr_line' id='line_1_14' title="bbox 123 2063 1838 2178; baseline 0 -25"><span class='ocrx_word' id='word_1_121' title='bbox 123 2063 270 2153; x_wconf 87' lang='lat' dir='ltr'>dimini</span> <span class='ocrx_word' id='word_1_122' title='bbox 296 2069 353 2156; x_wconf 88' lang='lat' dir='ltr'>de</span> <span class='ocrx_word' id='word_1_123' title='bbox 376 2078 496 2154; x_wconf 86' lang='lat' dir='ltr'>terra</span> <span class='ocrx_word' id='word_1_124' title='bbox 512 2077 679 2170; x_wconf 85' lang='lat' dir='ltr'>vestra,</span> <span class='ocrx_word' id='word_1_125' title='bbox 703 2077 748 2154; x_wconf 85' lang='lat' dir='ltr'>et</span> <span class='ocrx_word' id='word_1_126' title='bbox 772 2065 828 2154; x_wconf 86' lang='lat' dir='ltr'>de</span> <span class='ocrx_word' id='word_1_127' title='bbox 853 2091 954 2174; x_wconf 81' lang='lat' dir='ltr'>cog·</span> <span class='ocrx_word' id='word_1_128' title='bbox 1005 2067 1075 2153; x_wconf 87' lang='lat' dir='ltr'>his</span> <span class='ocrx_word' id='word_1_129' title='bbox 1090 2068 1270 2175; x_wconf 85' lang='lat' dir='ltr'>justitiae</span> <span class='ocrx_word' id='word_1_130' title='bbox 1282 2067 1390 2155; x_wconf 91' lang='lat' dir='ltr'>mihi</span> <span class='ocrx_word' id='word_1_131' title='bbox 1403 2069 1722 2178; x_wconf 77' lang='lat' dir='ltr'>perlectionem</span> <span class='ocrx_word' id='word_1_132' title='bbox 1737 2092 1838 2157; x_wconf 88' lang='lat' dir='ltr'>con-</span> 
     </span>
     <span class='ocr_line' id='line_1_15' title="bbox 122 2177 1839 2292; baseline 0.003 -28"><span class='ocrx_word' id='word_1_133' title='bbox 122 2178 297 2270; x_wconf 80' lang='lat' dir='ltr'>natione</span> <span class='ocrx_word' id='word_1_134' title='bbox 313 2191 482 2285; x_wconf 86' lang='lat' dir='ltr'>vestra,</span> <span class='ocrx_word' id='word_1_135' title='bbox 507 2192 552 2268; x_wconf 83' lang='lat' dir='ltr'>et</span> <span class='ocrx_word' id='word_1_136' title='bbox 578 2183 635 2269; x_wconf 90' lang='lat' dir='ltr'>de</span> <span class='ocrx_word' id='word_1_137' title='bbox 658 2180 792 2268; x_wconf 92' lang='lat' dir='ltr'>domo</span> <span class='ocrx_word' id='word_1_138' title='bbox 814 2177 955 2292; x_wconf 86' lang='lat' dir='ltr'>patris</span> <span class='ocrx_word' id='word_1_139' title='bbox 1006 2183 1140 2284; x_wconf 84' lang='lat' dir='ltr'>stitui,</span> <span class='ocrx_word' id='word_1_140' title='bbox 1158 2183 1204 2266; x_wconf 88' lang='lat' dir='ltr'>in</span> <span class='ocrx_word' id='word_1_141' title='bbox 1219 2179 1618 2291; x_wconf 84' lang='lat' dir='ltr'>hisplenitddinem</span> <span class='ocrx_word' id='word_1_142' title='bbox 1632 2183 1839 2286; x_wconf 73' lang='lat' dir='ltr'>scientiar,</span> 
     </span>
     <span class='ocr_line' id='line_1_16' title="bbox 123 2291 1839 2400; baseline 0.003 -24"><span class='ocrx_word' id='word_1_143' title='bbox 123 2293 263 2400; x_wconf 83' lang='lat' dir='ltr'>vestri,</span> <span class='ocrx_word' id='word_1_144' title='bbox 285 2306 331 2382; x_wconf 92' lang='lat' dir='ltr'>et</span> <span class='ocrx_word' id='word_1_145' title='bbox 342 2294 490 2381; x_wconf 75' lang='lat' dir='ltr'>videte</span> <span class='ocrx_word' id='word_1_146' title='bbox 508 2317 659 2399; x_wconf 83' lang='lat' dir='ltr'>regem</span> <span class='ocrx_word' id='word_1_147' title='bbox 672 2291 954 2380; x_wconf 82' lang='lat' dir='ltr'>Salomonem</span> <span class='ocrx_word' id='word_1_148' title='bbox 1005 2295 1051 2378; x_wconf 89' lang='lat' dir='ltr'>in</span> <span class='ocrx_word' id='word_1_149' title='bbox 1069 2294 1137 2379; x_wconf 90' lang='lat' dir='ltr'>his</span> <span class='ocrx_word' id='word_1_150' title='bbox 1157 2293 1335 2383; x_wconf 84' lang='lat' dir='ltr'>divitias</span> <span class='ocrx_word' id='word_1_151' title='bbox 1353 2297 1519 2400; x_wconf 72' lang='lat' dir='ltr'>sallitis,</span> <span class='ocrx_word' id='word_1_152' title='bbox 1536 2297 1581 2382; x_wconf 93' lang='lat' dir='ltr'>in</span> <span class='ocrx_word' id='word_1_153' title='bbox 1599 2296 1668 2382; x_wconf 88' lang='lat' dir='ltr'>his</span> <span class='ocrx_word' id='word_1_154' title='bbox 1684 2300 1739 2383; x_wconf 85' lang='lat' dir='ltr'>cd</span> <span class='ocrx_word' id='word_1_155' title='bbox 1774 2297 1839 2382; x_wconf 83' lang='lat' dir='ltr'>ias</span> 
     </span>
     <span class='ocr_line' id='line_1_17' title="bbox 122 2321 1840 2518; baseline 0.002 -26"><span class='ocrx_word' id='word_1_156' title='bbox 122 2407 161 2492; x_wconf 89' lang='lat' dir='ltr'>in</span> <span class='ocrx_word' id='word_1_157' title='bbox 191 2407 444 2496; x_wconf 79' lang='lat' dir='ltr'>diademate</span> <span class='ocrx_word' id='word_1_158' title='bbox 477 2429 566 2518; x_wconf 85' lang='lat' dir='ltr'>quo</span> <span class='ocrx_word' id='word_1_159' title='bbox 596 2405 827 2494; x_wconf 61' lang='lat' dir='ltr'>coronavit</span> <span class='ocrx_word' id='word_1_160' title='bbox 853 2432 954 2495; x_wconf 88' lang='lat' dir='ltr'>eum</span> <span class='ocrx_word' id='word_1_161' title='bbox 1004 2409 1273 2495; x_wconf 82' lang='lat' dir='ltr'>meritorum.</span> <span class='ocrx_word' id='word_1_162' title='bbox 1316 2411 1384 2496; x_wconf 83' lang='lat' dir='ltr'>Ex</span> <span class='ocrx_word' id='word_1_163' title='bbox 1408 2410 1477 2496; x_wconf 87' lang='lat' dir='ltr'>his</span> <span class='ocrx_word' id='word_1_164' title='bbox 1495 2409 1602 2496; x_wconf 90' lang='lat' dir='ltr'>mihi</span> <span class='ocrx_word' id='word_1_165' title='bbox 1619 2321 1840 2497; x_wconf 80' lang='lat' dir='ltr'>interdum</span> 
     </span>
     <span class='ocr_line' id='line_1_18' title="bbox 121 2521 1839 2631; baseline 0.001 -24"><span class='ocrx_word' id='word_1_166' title='bbox 121 2530 258 2608; x_wconf 86' lang='lat' dir='ltr'>mater</span> <span class='ocrx_word' id='word_1_167' title='bbox 282 2548 381 2627; x_wconf 83' lang='lat' dir='ltr'>sua,</span> <span class='ocrx_word' id='word_1_168' title='bbox 407 2523 451 2607; x_wconf 93' lang='lat' dir='ltr'>in</span> <span class='ocrx_word' id='word_1_169' title='bbox 476 2527 643 2610; x_wconf 85' lang='lat' dir='ltr'>corona</span> <span class='ocrx_word' id='word_1_170' title='bbox 665 2521 953 2631; x_wconf 63' lang='lat' dir='ltr'>paupertatis,</span> <span class='ocrx_word' id='word_1_171' title='bbox 1004 2531 1138 2628; x_wconf 86' lang='lat' dir='ltr'>potus</span> <span class='ocrx_word' id='word_1_172' title='bbox 1173 2521 1379 2610; x_wconf 77' lang='lat' dir='ltr'>salutdris</span> <span class='ocrx_word' id='word_1_173' title='bbox 1416 2523 1738 2610; x_wconf 82' lang='lat' dir='ltr'>amaritddinic:</span> <span class='ocrx_word' id='word_1_174' title='bbox 1783 2548 1839 2609; x_wconf 82' lang='lat' dir='ltr'>ex</span> 
     </span>
     <span class='ocr_line' id='line_1_19' title="bbox 122 2633 1838 2745; baseline 0 -25"><span class='ocrx_word' id='word_1_175' title='bbox 122 2634 162 2720; x_wconf 92' lang='lat' dir='ltr'>in</span> <span class='ocrx_word' id='word_1_176' title='bbox 181 2634 350 2722; x_wconf 78' lang='lat' dir='ltr'>corona</span> <span class='ocrx_word' id='word_1_177' title='bbox 369 2635 574 2722; x_wconf 77' lang='lat' dir='ltr'>miseriae:</span> <span class='ocrx_word' id='word_1_178' title='bbox 593 2633 812 2745; x_wconf 88' lang='lat' dir='ltr'>siquidem</span> <span class='ocrx_word' id='word_1_179' title='bbox 831 2656 953 2721; x_wconf 87' lang='lat' dir='ltr'>coro·</span> <span class='ocrx_word' id='word_1_180' title='bbox 1004 2633 1074 2719; x_wconf 84' lang='lat' dir='ltr'>his</span> <span class='ocrx_word' id='word_1_181' title='bbox 1093 2659 1267 2721; x_wconf 86' lang='lat' dir='ltr'>rursum</span> <span class='ocrx_word' id='word_1_182' title='bbox 1288 2636 1439 2722; x_wconf 70' lang='lat' dir='ltr'>suavis</span> <span class='ocrx_word' id='word_1_183' title='bbox 1461 2637 1612 2722; x_wconf 86' lang='lat' dir='ltr'>dnctio</span> <span class='ocrx_word' id='word_1_184' title='bbox 1638 2636 1838 2722; x_wconf 78' lang='lat' dir='ltr'>console·</span> 
     </span>
     <span class='ocr_line' id='line_1_20' title="bbox 122 2746 1840 2856; baseline 0.001 -24"><span class='ocrx_word' id='word_1_185' title='bbox 122 2746 245 2836; x_wconf 73' lang='lat' dir='ltr'>nitus</span> <span class='ocrx_word' id='word_1_186' title='bbox 272 2760 342 2837; x_wconf 87' lang='lat' dir='ltr'>est</span> <span class='ocrx_word' id='word_1_187' title='bbox 368 2753 413 2836; x_wconf 86' lang='lat' dir='ltr'>et</span> <span class='ocrx_word' id='word_1_188' title='bbox 436 2754 671 2837; x_wconf 79' lang='lat' dir='ltr'>anoverca</span> <span class='ocrx_word' id='word_1_189' title='bbox 690 2769 770 2836; x_wconf 87' lang='lat' dir='ltr'>sua</span> <span class='ocrx_word' id='word_1_190' title='bbox 788 2753 954 2835; x_wconf 82' lang='lat' dir='ltr'>corona</span> <span class='ocrx_word' id='word_1_191' title='bbox 1004 2747 1149 2833; x_wconf 80' lang='lat' dir='ltr'>tionis.</span> <span class='ocrx_word' id='word_1_192' title='bbox 1174 2750 1288 2836; x_wconf 78' lang='lat' dir='ltr'>Haec</span> <span class='ocrx_word' id='word_1_193' title='bbox 1298 2775 1370 2836; x_wconf 89' lang='lat' dir='ltr'>me</span> <span class='ocrx_word' id='word_1_194' title='bbox 1383 2749 1614 2856; x_wconf 71' lang='lat' dir='ltr'>snguntin</span> <span class='ocrx_word' id='word_1_195' title='bbox 1627 2747 1840 2846; x_wconf 74' lang='lat' dir='ltr'>adversis,</span> 
     </span>
     <span class='ocr_line' id='line_1_21' title="bbox 122 2861 1840 2972; baseline 0.001 -27"><span class='ocrx_word' id='word_1_196' title='bbox 122 2867 288 2972; x_wconf 84' lang='lat' dir='ltr'>spinea,</span> <span class='ocrx_word' id='word_1_197' title='bbox 317 2866 483 2951; x_wconf 80' lang='lat' dir='ltr'>corona</span> <span class='ocrx_word' id='word_1_198' title='bbox 504 2862 713 2967; x_wconf 78' lang='lat' dir='ltr'>miseriae,</span> <span class='ocrx_word' id='word_1_199' title='bbox 740 2865 954 2950; x_wconf 73' lang='lat' dir='ltr'>corondn·</span> <span class='ocrx_word' id='word_1_200' title='bbox 1004 2862 1050 2947; x_wconf 91' lang='lat' dir='ltr'>in</span> <span class='ocrx_word' id='word_1_201' title='bbox 1080 2865 1307 2972; x_wconf 85' lang='lat' dir='ltr'>prdsperis</span> <span class='ocrx_word' id='word_1_202' title='bbox 1333 2864 1596 2972; x_wconf 77' lang='lat' dir='ltr'>reprimunt,</span> <span class='ocrx_word' id='word_1_203' title='bbox 1629 2873 1694 2966; x_wconf 85' lang='lat' dir='ltr'>et,</span> <span class='ocrx_word' id='word_1_204' title='bbox 1724 2861 1840 2949; x_wconf 88' lang='lat' dir='ltr'>inter</span> 
     </span>
     <span class='ocr_line' id='line_1_22' title="bbox 122 2969 1841 3087; baseline 0 -27"><span class='ocrx_word' id='word_1_205' title='bbox 122 2974 200 3061; x_wconf 88' lang='lat' dir='ltr'>dus</span> <span class='ocrx_word' id='word_1_206' title='bbox 225 2991 252 3062; x_wconf 84' lang='lat' dir='ltr'>a</span> <span class='ocrx_word' id='word_1_207' title='bbox 277 2969 442 3062; x_wconf 84' lang='lat' dir='ltr'>familia</span> <span class='ocrx_word' id='word_1_208' title='bbox 467 2991 547 3061; x_wconf 80' lang='lat' dir='ltr'>sua</span> <span class='ocrx_word' id='word_1_209' title='bbox 570 2980 737 3064; x_wconf 81' lang='lat' dir='ltr'>corona</span> <span class='ocrx_word' id='word_1_210' title='bbox 763 2969 952 3081; x_wconf 67' lang='lat' dir='ltr'>justitiae,</span> <span class='ocrx_word' id='word_1_211' title='bbox 1004 2973 1108 3060; x_wconf 79' lang='lat' dir='ltr'>loeta</span> <span class='ocrx_word' id='word_1_212' title='bbox 1125 2974 1358 3084; x_wconf 63' lang='lat' dir='ltr'>tristiaque</span> <span class='ocrx_word' id='word_1_213' title='bbox 1377 2978 1481 3062; x_wconf 75' lang='lat' dir='ltr'>vitre</span> <span class='ocrx_word' id='word_1_214' title='bbox 1498 2976 1746 3087; x_wconf 78' lang='lat' dir='ltr'>praesentis,</span> <span class='ocrx_word' id='word_1_215' title='bbox 1768 2976 1841 3062; x_wconf 86' lang='lat' dir='ltr'>via</span> 
     </span>
     <span class='ocr_line' id='line_1_23' title="bbox 122 3087 1840 3198; baseline 0 -24"><span class='ocrx_word' id='word_1_216' title='bbox 122 3090 296 3198; x_wconf 86' lang='lat' dir='ltr'>quando</span> <span class='ocrx_word' id='word_1_217' title='bbox 321 3087 503 3178; x_wconf 86' lang='lat' dir='ltr'>exibunt</span> <span class='ocrx_word' id='word_1_218' title='bbox 527 3089 704 3194; x_wconf 84' lang='lat' dir='ltr'>Angeli,</span> <span class='ocrx_word' id='word_1_219' title='bbox 730 3100 775 3175; x_wconf 89' lang='lat' dir='ltr'>et</span> <span class='ocrx_word' id='word_1_220' title='bbox 797 3088 955 3175; x_wconf 87' lang='lat' dir='ltr'>tollent</span> <span class='ocrx_word' id='word_1_221' title='bbox 1005 3089 1126 3194; x_wconf 81' lang='lat' dir='ltr'>regia</span> <span class='ocrx_word' id='word_1_222' title='bbox 1168 3089 1391 3178; x_wconf 80' lang='lat' dir='ltr'>incedenti</span> <span class='ocrx_word' id='word_1_223' title='bbox 1439 3099 1583 3177; x_wconf 88' lang='lat' dir='ltr'>tutum</span> <span class='ocrx_word' id='word_1_224' title='bbox 1634 3089 1840 3198; x_wconf 81' lang='lat' dir='ltr'>praebent</span> 
     </span>
     <span class='ocr_line' id='line_1_24' title="bbox 122 3198 1840 3311; baseline 0 -23"><span class='ocrx_word' id='word_1_225' title='bbox 122 3199 174 3290; x_wconf 85' lang='lat' dir='ltr'>de</span> <span class='ocrx_word' id='word_1_226' title='bbox 216 3223 357 3310; x_wconf 79' lang='lat' dir='ltr'>regno</span> <span class='ocrx_word' id='word_1_227' title='bbox 403 3203 495 3308; x_wconf 88' lang='lat' dir='ltr'>ejus</span> <span class='ocrx_word' id='word_1_228' title='bbox 544 3201 690 3290; x_wconf 78' lang='lat' dir='ltr'>omnia</span> <span class='ocrx_word' id='word_1_229' title='bbox 733 3198 954 3304; x_wconf 74' lang='lat' dir='ltr'>scindala,</span> <span class='ocrx_word' id='word_1_230' title='bbox 1004 3201 1240 3311; x_wconf 83' lang='lat' dir='ltr'>utrobique</span> <span class='ocrx_word' id='word_1_231' title='bbox 1254 3203 1474 3306; x_wconf 74' lang='lat' dir='ltr'>ducitum,</span> <span class='ocrx_word' id='word_1_232' title='bbox 1492 3201 1711 3290; x_wconf 80' lang='lat' dir='ltr'>hincinde</span> <span class='ocrx_word' id='word_1_233' title='bbox 1724 3203 1840 3290; x_wconf 84' lang='lat' dir='ltr'>mala</span> 
     </span>
     <span class='ocr_line' id='line_1_25' title="bbox 123 3309 1840 3427; baseline -0.001 -23"><span class='ocrx_word' id='word_1_234' title='bbox 123 3313 297 3426; x_wconf 86' lang='lat' dir='ltr'>quando</span> <span class='ocrx_word' id='word_1_235' title='bbox 333 3317 480 3404; x_wconf 78' lang='lat' dir='ltr'>veniet</span> <span class='ocrx_word' id='word_1_236' title='bbox 515 3317 572 3404; x_wconf 87' lang='lat' dir='ltr'>ad</span> <span class='ocrx_word' id='word_1_237' title='bbox 609 3309 817 3425; x_wconf 87' lang='lat' dir='ltr'>judicium</span> <span class='ocrx_word' id='word_1_238' title='bbox 854 3335 954 3402; x_wconf 87' lang='lat' dir='ltr'>cum</span> <span class='ocrx_word' id='word_1_239' title='bbox 1004 3313 1228 3402; x_wconf 78' lang='lat' dir='ltr'>iminentia</span> <span class='ocrx_word' id='word_1_240' title='bbox 1245 3315 1563 3427; x_wconf 71' lang='lat' dir='ltr'>propulsando.</span> <span class='ocrx_word' id='word_1_241' title='bbox 1602 3319 1715 3404; x_wconf 81' lang='lat' dir='ltr'>Haec</span> <span class='ocrx_word' id='word_1_242' title='bbox 1732 3315 1840 3402; x_wconf 88' lang='lat' dir='ltr'>mihi</span> 
     </span>
     <span class='ocr_line' id='line_1_26' title="bbox 124 3427 1839 3540; baseline 0.001 -26"><span class='ocrx_word' id='word_1_243' title='bbox 124 3427 366 3519; x_wconf 79' lang='lat' dir='ltr'>senioribus</span> <span class='ocrx_word' id='word_1_244' title='bbox 385 3431 540 3540; x_wconf 80' lang='lat' dir='ltr'>populi</span> <span class='ocrx_word' id='word_1_245' title='bbox 558 3433 642 3534; x_wconf 86' lang='lat' dir='ltr'>sui,</span> <span class='ocrx_word' id='word_1_246' title='bbox 668 3447 769 3518; x_wconf 79' lang='lat' dir='ltr'>com</span> <span class='ocrx_word' id='word_1_247' title='bbox 788 3434 952 3538; x_wconf 75' lang='lat' dir='ltr'>pugna·</span> <span class='ocrx_word' id='word_1_248' title='bbox 1006 3429 1242 3517; x_wconf 87' lang='lat' dir='ltr'>conciliant</span> <span class='ocrx_word' id='word_1_249' title='bbox 1282 3431 1435 3516; x_wconf 87' lang='lat' dir='ltr'>mundi</span> <span class='ocrx_word' id='word_1_250' title='bbox 1467 3431 1689 3535; x_wconf 85' lang='lat' dir='ltr'>Jddicem,</span> <span class='ocrx_word' id='word_1_251' title='bbox 1733 3431 1839 3516; x_wconf 90' lang='lat' dir='ltr'>dum</span> 
     </span>
     <span class='ocr_line' id='line_1_27' title="bbox 122 3541 1838 3654; baseline -0.001 -24"><span class='ocrx_word' id='word_1_252' title='bbox 122 3541 182 3632; x_wconf 90' lang='lat' dir='ltr'>bit</span> <span class='ocrx_word' id='word_1_253' title='bbox 198 3572 283 3654; x_wconf 90' lang='lat' dir='ltr'>pro</span> <span class='ocrx_word' id='word_1_254' title='bbox 304 3571 358 3632; x_wconf 86' lang='lat' dir='ltr'>eo</span> <span class='ocrx_word' id='word_1_255' title='bbox 373 3544 494 3632; x_wconf 88' lang='lat' dir='ltr'>orbis</span> <span class='ocrx_word' id='word_1_256' title='bbox 507 3549 723 3633; x_wconf 69' lang='lat' dir='ltr'>terrarum</span> <span class='ocrx_word' id='word_1_257' title='bbox 739 3543 952 3631; x_wconf 77' lang='lat' dir='ltr'>adversus</span> <span class='ocrx_word' id='word_1_258' title='bbox 1004 3541 1282 3630; x_wconf 80' lang='lat' dir='ltr'>tremendum</span> <span class='ocrx_word' id='word_1_259' title='bbox 1324 3543 1643 3652; x_wconf 75' lang='lat' dir='ltr'>potestdfibus,</span> <span class='ocrx_word' id='word_1_260' title='bbox 1686 3544 1838 3630; x_wconf 88' lang='lat' dir='ltr'>mitem</span> 
     </span>
     <span class='ocr_line' id='line_1_28' title="bbox 123 3653 1838 3765; baseline 0.001 -26"><span class='ocrx_word' id='word_1_261' title='bbox 123 3657 380 3747; x_wconf 77' lang='lat' dir='ltr'>imensdtos.</span> <span class='ocrx_word' id='word_1_262' title='bbox 420 3658 615 3747; x_wconf 81' lang='lat' dir='ltr'>Coronat</span> <span class='ocrx_word' id='word_1_263' title='bbox 639 3684 740 3745; x_wconf 90' lang='lat' dir='ltr'>eum</span> <span class='ocrx_word' id='word_1_264' title='bbox 759 3667 804 3743; x_wconf 90' lang='lat' dir='ltr'>et</span> <span class='ocrx_word' id='word_1_265' title='bbox 822 3659 954 3745; x_wconf 85' lang='lat' dir='ltr'>Pater</span> <span class='ocrx_word' id='word_1_266' title='bbox 1004 3653 1303 3765; x_wconf 81' lang='lat' dir='ltr'>humilemque</span> <span class='ocrx_word' id='word_1_267' title='bbox 1344 3658 1554 3763; x_wconf 81' lang='lat' dir='ltr'>figdrant3</span> <span class='ocrx_word' id='word_1_268' title='bbox 1599 3657 1706 3743; x_wconf 93' lang='lat' dir='ltr'>dum</span> <span class='ocrx_word' id='word_1_269' title='bbox 1747 3681 1838 3742; x_wconf 92' lang='lat' dir='ltr'>non</span> 
     </span>
     <span class='ocr_line' id='line_1_29' title="bbox 125 3763 1837 3878; baseline -0.001 -24"><span class='ocrx_word' id='word_1_270' title='bbox 125 3777 283 3858; x_wconf 83' lang='lat' dir='ltr'>corona</span> <span class='ocrx_word' id='word_1_271' title='bbox 300 3763 468 3877; x_wconf 78' lang='lat' dir='ltr'>gloriae,</span> <span class='ocrx_word' id='word_1_272' title='bbox 491 3772 607 3859; x_wconf 90' lang='lat' dir='ltr'>sicut</span> <span class='ocrx_word' id='word_1_273' title='bbox 625 3769 686 3857; x_wconf 79' lang='lat' dir='ltr'>&#39;ait</span> <span class='ocrx_word' id='word_1_274' title='bbox 702 3767 954 3857; x_wconf 84' lang='lat' dir='ltr'>Psalmista:</span> <span class='ocrx_word' id='word_1_275' title='bbox 1006 3769 1149 3856; x_wconf 87' lang='lat' dir='ltr'>solum</span> <span class='ocrx_word' id='word_1_276' title='bbox 1172 3771 1454 3878; x_wconf 67' lang='lat' dir='ltr'>placibilem,</span> <span class='ocrx_word' id='word_1_277' title='bbox 1478 3771 1559 3858; x_wconf 90' lang='lat' dir='ltr'>sed</span> <span class='ocrx_word' id='word_1_278' title='bbox 1585 3782 1629 3858; x_wconf 85' lang='lat' dir='ltr'>et</span> <span class='ocrx_word' id='word_1_279' title='bbox 1652 3769 1837 3857; x_wconf 77' lang='lat' dir='ltr'>imitdbi·</span> 
     </span>
     <span class='ocr_line' id='line_1_30' title="bbox 126 3879 1837 3994; baseline -0.001 -24"><span class='ocrx_word' id='word_1_280' title='bbox 126 3879 275 3972; x_wconf 80' lang='lat' dir='ltr'>Gldria</span> <span class='ocrx_word' id='word_1_281' title='bbox 307 3895 352 3972; x_wconf 89' lang='lat' dir='ltr'>et</span> <span class='ocrx_word' id='word_1_282' title='bbox 381 3884 551 3974; x_wconf 81' lang='lat' dir='ltr'>honore</span> <span class='ocrx_word' id='word_1_283' title='bbox 584 3885 810 3972; x_wconf 62' lang='lat' dir='ltr'>coronasti</span> <span class='ocrx_word' id='word_1_284' title='bbox 842 3905 953 3987; x_wconf 88' lang='lat' dir='ltr'>eum,</span> <span class='ocrx_word' id='word_1_285' title='bbox 1004 3881 1092 3969; x_wconf 88' lang='lat' dir='ltr'>lem</span> <span class='ocrx_word' id='word_1_286' title='bbox 1117 3889 1438 3994; x_wconf 73' lang='lat' dir='ltr'>repraesentant</span> <span class='ocrx_word' id='word_1_287' title='bbox 1465 3911 1585 3988; x_wconf 90' lang='lat' dir='ltr'>eum,</span> <span class='ocrx_word' id='word_1_288' title='bbox 1618 3886 1694 3992; x_wconf 88' lang='lat' dir='ltr'>qui</span> <span class='ocrx_word' id='word_1_289' title='bbox 1722 3881 1837 3970; x_wconf 89' lang='lat' dir='ltr'>inac-</span> 
     </span>
     <span class='ocr_line' id='line_1_31' title="bbox 124 3994 1837 4106; baseline 0.001 -26"><span class='ocrx_word' id='word_1_290' title='bbox 124 3994 320 4086; x_wconf 85' lang='lat' dir='ltr'>deine.</span> <span class='ocrx_word' id='word_1_291' title='bbox 363 3999 527 4088; x_wconf 78' lang='lat' dir='ltr'>Videte</span> <span class='ocrx_word' id='word_1_292' title='bbox 559 4025 678 4101; x_wconf 91' lang='lat' dir='ltr'>eum,</span> <span class='ocrx_word' id='word_1_293' title='bbox 705 3995 808 4082; x_wconf 88' lang='lat' dir='ltr'>liliae</span> <span class='ocrx_word' id='word_1_294' title='bbox 835 3995 953 4100; x_wconf 90' lang='lat' dir='ltr'>Sion,</span> <span class='ocrx_word' id='word_1_295' title='bbox 1006 3994 1222 4082; x_wconf 84' lang='lat' dir='ltr'>cessibilis</span> <span class='ocrx_word' id='word_1_296' title='bbox 1250 4007 1318 4084; x_wconf 88' lang='lat' dir='ltr'>est</span> <span class='ocrx_word' id='word_1_297' title='bbox 1344 3996 1684 4106; x_wconf 75' lang='lat' dir='ltr'>principdtibus‚</span> <span class='ocrx_word' id='word_1_298' title='bbox 1714 3999 1837 4083; x_wconf 88' lang='lat' dir='ltr'>terri·</span> 
     </span>
     <span class='ocr_line' id='line_1_32' title="bbox 124 4102 1553 4224; baseline 0 -28"><span class='ocrx_word' id='word_1_299' title='bbox 124 4109 164 4196; x_wconf 92' lang='lat' dir='ltr'>in</span> <span class='ocrx_word' id='word_1_300' title='bbox 193 4102 444 4201; x_wconf 79' lang='lat' dir='ltr'>diademate</span> <span class='ocrx_word' id='word_1_301' title='bbox 471 4138 560 4224; x_wconf 89' lang='lat' dir='ltr'>quo</span> <span class='ocrx_word' id='word_1_302' title='bbox 582 4111 822 4199; x_wconf 59' lang='lat' dir='ltr'>⁴corondvit</span> <span class='ocrx_word' id='word_1_303' title='bbox 854 4131 955 4197; x_wconf 88' lang='lat' dir='ltr'>eum</span> <span class='ocrx_word' id='word_1_304' title='bbox 1005 4108 1106 4197; x_wconf 83' lang='lat' dir='ltr'>bilis</span> <span class='ocrx_word' id='word_1_305' title='bbox 1124 4111 1245 4220; x_wconf 88' lang='lat' dir='ltr'>apud</span> <span class='ocrx_word' id='word_1_306' title='bbox 1263 4135 1390 4216; x_wconf 82' lang='lat' dir='ltr'>reges</span> <span class='ocrx_word' id='word_1_307' title='bbox 1408 4120 1553 4197; x_wconf 83' lang='lat' dir='ltr'>terrae.</span> 
     </span>
     <span class='ocr_line' id='line_1_33' title="bbox 124 4221 1838 4334; baseline 0.001 -26"><span class='ocrx_word' id='word_1_308' title='bbox 124 4235 260 4313; x_wconf 83' lang='lat' dir='ltr'>mater</span> <span class='ocrx_word' id='word_1_309' title='bbox 279 4249 371 4312; x_wconf 86' lang='lat' dir='ltr'>sua.</span> <span class='ocrx_word' id='word_1_310' title='bbox 1064 4230 1115 4334; x_wconf 62' lang='lat' dir='ltr'>lt.</span> <span class='ocrx_word' id='word_1_311' title='bbox 1149 4223 1337 4333; x_wconf 77' lang='lat' dir='ltr'>Accepit</span> <span class='ocrx_word' id='word_1_312' title='bbox 1372 4251 1555 4332; x_wconf 84' lang='lat' dir='ltr'>regnum</span> <span class='ocrx_word' id='word_1_313' title='bbox 1590 4221 1785 4328; x_wconf 78' lang='lat' dir='ltr'>decoris,</span> <span class='ocrx_word' id='word_1_314' title='bbox 1816 4233 1838 4280; x_wconf 85' lang='lat'>*</span> 
     </span>
     <span class='ocr_line' id='line_1_34' title="bbox 181 4333 1835 4450; baseline -0.002 -24"><span class='ocrx_word' id='word_1_315' title='bbox 181 4345 230 4450; x_wconf 67' lang='lat' dir='ltr'>ll.</span> <span class='ocrx_word' id='word_1_316' title='bbox 248 4341 361 4426; x_wconf 87' lang='lat' dir='ltr'>Cum</span> <span class='ocrx_word' id='word_1_317' title='bbox 380 4341 636 4449; x_wconf 82' lang='lat' dir='ltr'>apparderit</span> <span class='ocrx_word' id='word_1_318' title='bbox 653 4337 860 4448; x_wconf 86' lang='lat' dir='ltr'>princeps</span> <span class='ocrx_word' id='word_1_319' title='bbox 879 4356 954 4446; x_wconf 85' lang='lat' dir='ltr'>pa·</span> <span class='ocrx_word' id='word_1_320' title='bbox 1005 4335 1065 4424; x_wconf 85' lang='lat' dir='ltr'>Et</span> <span class='ocrx_word' id='word_1_321' title='bbox 1082 4336 1288 4424; x_wconf 78' lang='lat' dir='ltr'>diadema</span> <span class='ocrx_word' id='word_1_322' title='bbox 1311 4339 1489 4447; x_wconf 77' lang='lat' dir='ltr'>speciei.</span> <span class='ocrx_word' id='word_1_323' title='bbox 1545 4333 1596 4436; x_wconf 62' lang='lat' dir='ltr'>i.</span> <span class='ocrx_word' id='word_1_324' title='bbox 1618 4339 1741 4424; x_wconf 87' lang='lat' dir='ltr'>Deus</span> <span class='ocrx_word' id='word_1_325' title='bbox 1762 4363 1835 4424; x_wconf 85' lang='lat' dir='ltr'>ex·</span> 
     </span>
     <span class='ocr_line' id='line_1_35' title="bbox 126 4447 1838 4563; baseline 0.002 -31"><span class='ocrx_word' id='word_1_326' title='bbox 126 4454 312 4556; x_wconf 77' lang='lat' dir='ltr'>storum,</span> <span class='ocrx_word' id='word_1_327' title='bbox 348 4479 436 4562; x_wconf 92' lang='lat' dir='ltr'>quo</span> <span class='ocrx_word' id='word_1_328' title='bbox 467 4459 702 4563; x_wconf 77' lang='lat' dir='ltr'>permisso,</span> <span class='ocrx_word' id='word_1_329' title='bbox 739 4453 808 4538; x_wconf 89' lang='lat' dir='ltr'>dis</span> <span class='ocrx_word' id='word_1_330' title='bbox 841 4455 955 4536; x_wconf 80' lang='lat' dir='ltr'>ersae</span> <span class='ocrx_word' id='word_1_331' title='bbox 1006 4449 1161 4536; x_wconf 68' lang='lat' dir='ltr'>altivit</span> <span class='ocrx_word' id='word_1_332' title='bbox 1187 4449 1329 4556; x_wconf 90' lang='lat' dir='ltr'>illum,</span> <span class='ocrx_word' id='word_1_333' title='bbox 1361 4463 1406 4538; x_wconf 87' lang='lat' dir='ltr'>et</span> <span class='ocrx_word' id='word_1_334' title='bbox 1435 4447 1562 4538; x_wconf 83' lang='lat' dir='ltr'>dedit</span> <span class='ocrx_word' id='word_1_335' title='bbox 1587 4451 1651 4536; x_wconf 90' lang='lat' dir='ltr'>illi</span> <span class='ocrx_word' id='word_1_336' title='bbox 1675 4475 1838 4538; x_wconf 90' lang='lat' dir='ltr'>nomen</span> 
     </span>
     <span class='ocr_line' id='line_1_36' title="bbox 126 4473 1919 4674; baseline 0.004 -29"><span class='ocrx_word' id='word_1_337' title='bbox 126 4574 222 4650; x_wconf 84' lang='lat' dir='ltr'>sunt</span> <span class='ocrx_word' id='word_1_338' title='bbox 264 4585 374 4652; x_wconf 85' lang='lat' dir='ltr'>oves</span> <span class='ocrx_word' id='word_1_339' title='bbox 414 4563 581 4672; x_wconf 81' lang='lat' dir='ltr'>gregis,</span> <span class='ocrx_word' id='word_1_340' title='bbox 631 4575 654 4624; x_wconf 87' lang='lat'>*</span> <span class='ocrx_word' id='word_1_341' title='bbox 692 4473 955 4674; x_wconf 64' lang='lat' dir='ltr'>Percipietis</span> <span class='ocrx_word' id='word_1_342' title='bbox 1007 4564 1130 4668; x_wconf 92' lang='lat' dir='ltr'>quod</span> <span class='ocrx_word' id='word_1_343' title='bbox 1148 4575 1216 4651; x_wconf 87' lang='lat' dir='ltr'>est</span> <span class='ocrx_word' id='word_1_344' title='bbox 1234 4589 1369 4674; x_wconf 84' lang='lat' dir='ltr'>super</span> <span class='ocrx_word' id='word_1_345' title='bbox 1388 4589 1519 4652; x_wconf 86' lang='lat' dir='ltr'>omne</span> <span class='ocrx_word' id='word_1_346' title='bbox 1537 4590 1709 4652; x_wconf 90' lang='lat' dir='ltr'>nomen.</span> <span class='ocrx_word' id='word_1_347' title='bbox 1735 4565 1804 4652; x_wconf 78' lang='lat' dir='ltr'>Et</span> <span class='ocrx_word' id='word_1_348' title='bbox 1915 4615 1919 4624; x_wconf 93' lang='lat'>·</span> 
     </span>
     <span class='ocr_line' id='line_1_37' title="bbox 127 4674 1622 4785; baseline 0.001 -28"><span class='ocrx_word' id='word_1_349' title='bbox 127 4674 530 4767; x_wconf 78' lang='lat' dir='ltr'>immarcescibilem</span> <span class='ocrx_word' id='word_1_350' title='bbox 553 4680 707 4785; x_wconf 80' lang='lat' dir='ltr'>gloriae</span> <span class='ocrx_word' id='word_1_351' title='bbox 730 4681 955 4766; x_wconf 79' lang='lat' dir='ltr'>cortinam.</span> <span class='ocrx_word' id='word_1_352' title='bbox 1315 4679 1464 4760; x_wconf 80' lang='lat' dir='ltr'>Lectio</span> <span class='ocrx_word' id='word_1_353' title='bbox 1485 4679 1542 4764; x_wconf 81' lang='lat' dir='ltr'>vi,</span> <span class='ocrx_word' id='word_1_354' title='bbox 1614 4679 1622 4694; x_wconf 83' lang='lat'><em>&#39;</em></span> 
     </span>
     <span class='ocr_line' id='line_1_38' title="bbox 134 4779 1835 4998; baseline -0.002 -116"><span class='ocrx_word' id='word_1_355' title='bbox 134 4779 181 4882; x_wconf 70' lang='lat' dir='ltr'>,V-</span> <span class='ocrx_word' id='word_1_356' title='bbox 201 4789 312 4878; x_wconf 84' lang='lat' dir='ltr'>Cum</span> <span class='ocrx_word' id='word_1_357' title='bbox 335 4785 490 4881; x_wconf 76' lang='lat' dir='ltr'>iecerit</span> <span class='ocrx_word' id='word_1_358' title='bbox 507 4789 673 4900; x_wconf 83' lang='lat' dir='ltr'>grande</span> <span class='ocrx_word' id='word_1_359' title='bbox 692 4791 955 4895; x_wconf 81' lang='lat' dir='ltr'>convivium,</span> <span class='ocrx_word' id='word_1_360' title='bbox 1011 4781 1169 4998; x_wconf 79' lang='lat' dir='ltr'>Haec</span> <span class='ocrx_word' id='word_1_361' title='bbox 1192 4795 1431 4900; x_wconf 78' lang='lat' dir='ltr'>propterea</span> <span class='ocrx_word' id='word_1_362' title='bbox 1454 4789 1562 4876; x_wconf 89' lang='lat' dir='ltr'>mihi</span> <span class='ocrx_word' id='word_1_363' title='bbox 1584 4791 1629 4876; x_wconf 91' lang='lat' dir='ltr'>in</span> <span class='ocrx_word' id='word_1_364' title='bbox 1652 4816 1731 4878; x_wconf 88' lang='lat' dir='ltr'>ore</span> <span class='ocrx_word' id='word_1_365' title='bbox 1754 4791 1835 4878; x_wconf 83' lang='lat' dir='ltr'>ire·</span> 
     </span>
     <span class='ocr_line' id='line_1_39' title="bbox 128 4900 1836 5013; baseline 0.004 -27"><span class='ocrx_word' id='word_1_366' title='bbox 128 4911 173 4988; x_wconf 88' lang='lat' dir='ltr'>nt</span> <span class='ocrx_word' id='word_1_367' title='bbox 206 4900 411 4992; x_wconf 79' lang='lat' dir='ltr'>ostendat</span> <span class='ocrx_word' id='word_1_368' title='bbox 437 4905 615 4994; x_wconf 86' lang='lat' dir='ltr'>divitias</span> <span class='ocrx_word' id='word_1_369' title='bbox 644 4903 798 5012; x_wconf 82' lang='lat' dir='ltr'>gloriae</span> <span class='ocrx_word' id='word_1_370' title='bbox 829 4902 953 5010; x_wconf 77' lang='lat' dir='ltr'>regni</span> <span class='ocrx_word' id='word_1_371' title='bbox 1128 4908 1327 5013; x_wconf 76' lang='lat' dir='ltr'>quenter,</span> <span class='ocrx_word' id='word_1_372' title='bbox 1348 4905 1464 4993; x_wconf 84' lang='lat' dir='ltr'>sicut</span> <span class='ocrx_word' id='word_1_373' title='bbox 1482 4930 1565 4992; x_wconf 88' lang='lat' dir='ltr'>vos</span> <span class='ocrx_word' id='word_1_374' title='bbox 1583 4905 1720 5010; x_wconf 81' lang='lat' dir='ltr'>scitis3</span> <span class='ocrx_word' id='word_1_375' title='bbox 1738 4905 1836 4992; x_wconf 79' lang='lat' dir='ltr'>haec</span> 
     </span>
     <span class='ocr_line' id='line_1_40' title="bbox 132 5013 1837 5128; baseline 0.004 -29"><span class='ocrx_word' id='word_1_376' title='bbox 132 5013 205 5102; x_wconf 86' lang='lat' dir='ltr'>sui.</span> <span class='ocrx_word' id='word_1_377' title='bbox 230 5017 501 5128; x_wconf 77' lang='lat' dir='ltr'>Percipietis</span> <span class='ocrx_word' id='word_1_378' title='bbox 1004 5020 1049 5104; x_wconf 91' lang='lat' dir='ltr'>in</span> <span class='ocrx_word' id='word_1_379' title='bbox 1073 5017 1211 5106; x_wconf 90' lang='lat' dir='ltr'>corde</span> <span class='ocrx_word' id='word_1_380' title='bbox 1234 5043 1426 5128; x_wconf 84' lang='lat' dir='ltr'>semper,</span> <span class='ocrx_word' id='word_1_381' title='bbox 1452 5019 1566 5104; x_wconf 86' lang='lat' dir='ltr'>sicut</span> <span class='ocrx_word' id='word_1_382' title='bbox 1590 5019 1712 5105; x_wconf 88' lang='lat' dir='ltr'>Deus</span> <span class='ocrx_word' id='word_1_383' title='bbox 1737 5020 1837 5122; x_wconf 85' lang='lat' dir='ltr'>scit;</span> 
     </span>
     <span class='ocr_line' id='line_1_41' title="bbox 438 5131 1835 5240; baseline -0.004 -18"><span class='ocrx_word' id='word_1_384' title='bbox 438 5141 591 5222; x_wconf 81' lang='lat' dir='ltr'>Lectio</span> <span class='ocrx_word' id='word_1_385' title='bbox 613 5169 649 5220; x_wconf 82' lang='lat' dir='ltr'>v.</span> <span class='ocrx_word' id='word_1_386' title='bbox 1003 5131 1102 5220; x_wconf 86' lang='lat' dir='ltr'>haec</span> <span class='ocrx_word' id='word_1_387' title='bbox 1124 5133 1242 5240; x_wconf 84' lang='lat' dir='ltr'>stylo</span> <span class='ocrx_word' id='word_1_388' title='bbox 1265 5153 1367 5219; x_wconf 88' lang='lat' dir='ltr'>meo</span> <span class='ocrx_word' id='word_1_389' title='bbox 1391 5131 1632 5220; x_wconf 73' lang='lat' dir='ltr'>admodum</span> <span class='ocrx_word' id='word_1_390' title='bbox 1655 5132 1835 5218; x_wconf 72' lang='lat' dir='ltr'>familis·</span> 
     </span>
     <span class='ocr_line' id='line_1_42' title="bbox 346 5244 1836 5355; baseline 0.002 -29"><span class='ocrx_word' id='word_1_391' title='bbox 346 5253 539 5326; x_wconf 65' lang='lat' dir='ltr'>Serml‘l.</span> <span class='ocrx_word' id='word_1_392' title='bbox 564 5255 735 5325; x_wconf 77' lang='lat' dir='ltr'>ineant.</span> <span class='ocrx_word' id='word_1_393' title='bbox 1003 5248 1085 5350; x_wconf 87' lang='lat' dir='ltr'>ria,</span> <span class='ocrx_word' id='word_1_394' title='bbox 1110 5247 1224 5333; x_wconf 87' lang='lat' dir='ltr'>sicut</span> <span class='ocrx_word' id='word_1_395' title='bbox 1246 5250 1448 5355; x_wconf 76' lang='lat' dir='ltr'>appdret:</span> <span class='ocrx_word' id='word_1_396' title='bbox 1472 5245 1570 5332; x_wconf 80' lang='lat' dir='ltr'>haee</span> <span class='ocrx_word' id='word_1_397' title='bbox 1587 5244 1836 5332; x_wconf 82' lang='lat' dir='ltr'>measubli·</span> 
     </span>
     <span class='ocr_line' id='line_1_43' title="bbox 207 5357 1836 5468; baseline 0.001 -26"><span class='ocrx_word' id='word_1_398' title='bbox 207 5381 276 5462; x_wconf 81' lang='lat' dir='ltr'>go,</span> <span class='ocrx_word' id='word_1_399' title='bbox 292 5357 461 5462; x_wconf 82' lang='lat' dir='ltr'>tratres,</span> <span class='ocrx_word' id='word_1_400' title='bbox 479 5358 536 5445; x_wconf 80' lang='lat' dir='ltr'>ab</span> <span class='ocrx_word' id='word_1_401' title='bbox 548 5358 727 5446; x_wconf 81' lang='lat' dir='ltr'>inednte</span> <span class='ocrx_word' id='word_1_402' title='bbox 739 5381 952 5448; x_wconf 78' lang='lat' dir='ltr'>mescon·</span> <span class='ocrx_word' id='word_1_403' title='bbox 1002 5362 1117 5448; x_wconf 88' lang='lat' dir='ltr'>mior</span> <span class='ocrx_word' id='word_1_404' title='bbox 1133 5359 1310 5446; x_wconf 85' lang='lat' dir='ltr'>interim</span> <span class='ocrx_word' id='word_1_405' title='bbox 1328 5357 1621 5468; x_wconf 78' lang='lat' dir='ltr'>philosophia,</span> <span class='ocrx_word' id='word_1_406' title='bbox 1639 5364 1755 5445; x_wconf 86' lang='lat' dir='ltr'>scire</span> <span class='ocrx_word' id='word_1_407' title='bbox 1766 5357 1793 5442; x_wconf 87' lang='lat' dir='ltr'>J</span> <span class='ocrx_word' id='word_1_408' title='bbox 1795 5383 1836 5444; x_wconf 87' lang='lat' dir='ltr'>e-</span> 
     </span>
     <span class='ocr_line' id='line_1_44' title="bbox 234 5467 1835 5584; baseline 0 -26"><span class='ocrx_word' id='word_1_409' title='bbox 234 5467 437 5560; x_wconf 78' lang='lat' dir='ltr'>versldne</span> <span class='ocrx_word' id='word_1_410' title='bbox 468 5496 553 5584; x_wconf 90' lang='lat' dir='ltr'>pro</span> <span class='ocrx_word' id='word_1_411' title='bbox 583 5477 745 5562; x_wconf 78' lang='lat' dir='ltr'>acervo</span> <span class='ocrx_word' id='word_1_412' title='bbox 776 5473 953 5562; x_wconf 82' lang='lat' dir='ltr'>merito·</span> <span class='ocrx_word' id='word_1_413' title='bbox 1004 5495 1117 5578; x_wconf 83' lang='lat' dir='ltr'>snm,</span> <span class='ocrx_word' id='word_1_414' title='bbox 1139 5484 1184 5560; x_wconf 91' lang='lat' dir='ltr'>et</span> <span class='ocrx_word' id='word_1_415' title='bbox 1201 5471 1318 5560; x_wconf 87' lang='lat' dir='ltr'>hunc</span> <span class='ocrx_word' id='word_1_416' title='bbox 1341 5471 1606 5561; x_wconf 80' lang='lat' dir='ltr'>crucifixum</span> <span class='ocrx_word' id='word_1_417' title='bbox 1649 5469 1752 5558; x_wconf 92' lang='lat' dir='ltr'>Non</span> <span class='ocrx_word' id='word_1_418' title='bbox 1769 5495 1835 5558; x_wconf 81' lang='lat' dir='ltr'>re·</span> 
     </span>
     <span class='ocr_line' id='line_1_45' title="bbox 131 5584 1837 5696; baseline 0 -26"><span class='ocrx_word' id='word_1_419' title='bbox 131 5603 240 5689; x_wconf 78' lang='lat' dir='ltr'>rum,</span> <span class='ocrx_word' id='word_1_420' title='bbox 278 5607 381 5692; x_wconf 78' lang='lat' dir='ltr'>qnae</span> <span class='ocrx_word' id='word_1_421' title='bbox 416 5585 523 5672; x_wconf 91' lang='lat' dir='ltr'>mihi</span> <span class='ocrx_word' id='word_1_422' title='bbox 556 5585 714 5676; x_wconf 78' lang='lat' dir='ltr'>dedsse</span> <span class='ocrx_word' id='word_1_423' title='bbox 746 5587 954 5690; x_wconf 74' lang='lat' dir='ltr'>sciebam,</span> <span class='ocrx_word' id='word_1_424' title='bbox 1005 5591 1150 5696; x_wconf 87' lang='lat' dir='ltr'>quiro,</span> <span class='ocrx_word' id='word_1_425' title='bbox 1178 5586 1292 5674; x_wconf 90' lang='lat' dir='ltr'>sicut</span> <span class='ocrx_word' id='word_1_426' title='bbox 1317 5611 1499 5696; x_wconf 86' lang='lat' dir='ltr'>sponsa,</span> <span class='ocrx_word' id='word_1_427' title='bbox 1530 5584 1606 5671; x_wconf 89' lang='lat' dir='ltr'>ubi</span> <span class='ocrx_word' id='word_1_428' title='bbox 1632 5585 1765 5673; x_wconf 89' lang='lat' dir='ltr'>cubet</span> <span class='ocrx_word' id='word_1_429' title='bbox 1791 5585 1837 5670; x_wconf 83' lang='lat' dir='ltr'>in</span> 
     </span>
    </p>
   </div>
   <div class='ocr_carea' id='block_1_5' title="bbox 0 0 2153 6180">
    <p class='ocr_par' dir='ltr' id='par_1_5' title="bbox 0 0 2153 6180">
     <span class='ocr_line' id='line_1_46' title="bbox 0 0 2153 6180; baseline 0 0"><span class='ocrx_word' id='word_1_430' title='bbox 0 0 2153 6180; x_wconf 95' lang='lat' dir='ltr'> </span> 
     </span>
    </p>
   </div>
  </div>
 </body>
</html>
