4378 6202
297 488 363 583 12*
965 519 1080 590 Festa
1104 519 1232 588 Martii
1256 520 1332 604 (13.)

295 702 401 788 tatis
426 698 655 809 exemplis,
679 700 849 810 posteri
864 699 1012 806 Reges
1035 723 1124 784 ma·
1176 695 1416 784 Theodora
1456 699 1732 805 Carthaginis
1767 701 2005 809 Spartariae
2052 650 2056 655 δ

294 816 393 919 gnis
411 814 690 918 ornamentis,
714 824 759 900 et
777 811 974 899 nonnulli
992 812 1125 898 etiam
1175 811 1392 898 Dominus
1410 821 1533 900 ortus
1552 823 1630 899 est.
1656 815 1835 901 Fratres
1852 813 2006 901 habuit

296 953 396 1015 cum
413 926 571 1015 eodem
588 937 742 1014 sancto
758 929 882 1031 Rege
898 929 1123 1033 sumptuo·
1174 924 1410 1030 Isidorum,
1438 927 1749 1036 Hispalensem
1776 927 2002 1036 Archiepi·

294 1044 356 1128 sis
391 1042 640 1152 sepulchris
684 1065 783 1127 eam
824 1039 1123 1126 honestarunt
1175 1063 1379 1148 scopum,
1416 1050 1460 1127 et
1490 1040 1786 1147 Fulgentium,
1821 1042 2004 1149 Episco-

294 1158 572 1263 Augescente
610 1164 758 1240 autem
801 1152 1123 1261 posterioribus
1174 1178 1281 1259 pum
1293 1153 1599 1258 Astigitanum,
1619 1153 1831 1258 doctrina,
1850 1165 1895 1241 et
1908 1181 2003 1240 san·

295 1269 468 1355 sae‘culis
485 1267 641 1378 populi
657 1265 948 1370 multitidine,
967 1277 1011 1354 et
1026 1265 1122 1352 reli·
1174 1266 1327 1352 ctitate
1343 1267 1745 1373 praestantissimos,
1763 1279 1811 1355 et
1825 1269 2003 1354 Floren-

294 1383 435 1488 gione,
459 1382 661 1468 Ecclesia
686 1381 862 1490 punicae
888 1387 1123 1466 structurae
1173 1382 1311 1465 tinam
1355 1381 1567 1486 virginem
1619 1381 2004 1486 religiosissimam

295 1495 486 1582 aedificio
504 1495 654 1581 multis
671 1494 872 1603 partibus
890 1495 1044 1583 vitium
1062 1495 1122 1580 fa·
1175 1495 1297 1596 Quos
1330 1494 1427 1602 ipse
1462 1497 1602 1601 major
1631 1506 1738 1582 natu
1769 1501 2004 1582 accuratis·

294 1611 436 1697 ciente
461 1611 507 1720 in
535 1609 847 1718 pulchriorem,
874 1620 1007 1716 atque
1035 1635 1123 1694 am·
1174 1607 1285 1693 sime
1301 1608 1348 1691 in
1366 1609 1484 1694 omni
1500 1610 1723 1711 virtutum,
1748 1620 1793 1695 et
1811 1607 2003 1718 discipli-

294 1723 480 1834 pliorem
501 1722 690 1809 formam
712 1747 739 1807 a
761 1721 1056 1808 fundamentis
1079 1723 1124 1807 in
1174 1725 1329 1806 narum
1360 1723 1482 1811 cultu
1511 1724 1798 1810 instruxerat:
1826 1724 2005 1812 lucebat

295 1836 454 1924 eodem
480 1837 569 1922 situ
593 1836 836 1921 instaurata
862 1846 940 1921 est
992 1837 1124 1944 Cujus
1174 1836 1290 1921 enim
1313 1837 1359 1921 in
1386 1863 1440 1924 eo
1459 1839 1546 1944 jam
1562 1864 1589 1923 a
1608 1840 1773 1925 teneris
1791 1839 1915 1925 annis
1934 1865 2002 1925 ca·

295 1949 639 2053 dedicationem,
679 1959 813 2055 atque
847 1949 1123 2034 instauratio·
1173 1950 1378 2035 sassimae
1392 1951 1497 2037 vitae
1509 1951 1749 2057 integritas,
1767 1963 1813 2038 et
1828 1978 2004 2039 morum

294 2090 396 2150 nem
418 2087 506 2149 uno
532 2061 619 2165 die,
647 2063 801 2168 quinto
825 2062 995 2148 scilicet
1016 2059 1124 2147 Idus
1172 2065 1367 2168 gravitas
1376 2065 1569 2152 maxime
1578 2066 1856 2169 venerabilis,
1871 2093 2003 2174 quam

294 2177 457 2281 Martii,
492 2175 732 2282 majoribus
763 2175 927 2261 nostris
957 2175 1126 2285 placuit
1171 2169 1532 2286 incomparabilis
1572 2178 1819 2266 divinhum
1852 2179 2003 2269 huma·

295 2288 520 2377 celebrari.
571 2296 622 2400 lh.
649 2289 779 2374 Mane
797 2313 992 2393 surgens.
1171 2298 1417 2399 uarumque
1429 2292 1675 2378 litterarum
1688 2293 1890 2381 doctrina
1906 2295 2001 2381 illu·

292 2415 1122 2560 W
1172 2406 1353 2494 strabat.
1395 2406 1621 2541 Gliscente
1636 2431 1700 2540 ‘eo
1727 2412 1929 2518 tempore
1956 2409 2002 2493 in

291 2606 335 2692 e.
360 2602 583 2690 nemori
605 2537 811 2714 Arcbiep.
834 2607 1122 2714 Hispalensis,
1172 2521 2004 2744 2{{,V⁰,⁸s„¹,³g²g¹,hli¹,aer1⁶>t,¹ss⁶,r,{ffiugur⁶„sssff

447 2807 449 2812 -
541 2721 662 2806 COHf·
684 2733 726 2805 et
744 2723 872 2804 DOCt·
1172 2772 1273 2833 cum
1290 2748 1476 2857 imperio
1495 2749 1707 2834 Arianam
1729 2748 2004 2856 impietatem

514 2833 670 2924 Duplex
692 2835 722 2905 2.
747 2835 895 2904 classis.
1170 2861 1216 2944 in
1242 2861 1506 2969 Hispaniam
1531 2863 1807 2964 invexerant,
1838 2873 1883 2948 et
1911 2864 2003 2968 eius

294 2937 501 3122 prssffirige
514 2943 562 3012 de
594 2942 797 3080 Communi
830 2941 940 3012 Conf.
970 2939 1123 3028 Pontii,
1171 2974 1396 3063 Ecclesias
1417 2981 1577 3062 misere
1600 2975 1838 3078 vexabant,
1860 2975 2002 3086 pl'lbli·

505 3048 672 3128 quentia.

346 3131 418 3218 Aa
433 3133 608 3240 Magnis.
636 3141 736 3220 Ant.
766 3135 992 3223 oooctor
1011 3135 1121 3246 opti-
1172 3113 1238 3173 ⁰ae
1273 3089 1378 3174 vstae
1413 3094 1637 3224 pertaesus·
1666 3091 1713 3173 in
1747 3089 2003 3221 religiosum

1173 3206 1397 3289 secessum
1421 3228 1469 3288 se
1491 3207 1676 3311 recep1t,
1697 3214 1747 3289 ut
1770 3229 1816 3287 rn
1838 3208 2002 3312 propo·

1172 3314 1258 3400 sito
1289 3315 1565 3423 perfectioris
1591 3316 1779 3402 instituti
1807 3318 2003 3403 sanctius

1172 3427 1271 3514 Deo
1293 3428 1543 3530 inserviret,
1572 3438 1617 3514 et
1642 3428 1727 3535 piis
1756 3429 1930 3534 stodiis,
1958 3440 2004 3517 et

1172 3541 1533 3628 meditationibus
1561 3542 1608 3626 in
1636 3543 1875 3647 tranquillo
1903 3569 2003 3631 sese

385 3747 480 3831 eus,
511 3720 587 3830 qui
616 3720 828 3805 Atiam
858 3720 1124 3829 pravitatem
1172 3659 1412 3854 §gronowe
1450 3655 1538 3790 Sed
1555 3656 1695 3742 noluit
1712 3656 1836 3741 Deus
1847 3657 2003 3834 claris:

410 3833 612 3922 doctrina
656 3835 798 3921 sancti
844 3833 1123 3922 Confessoris
1210 3887 1220 3910 ‚
1367 3774 1547 3902 pietatm
1582 3769 1807 3900 lucem
1844 3797 1889 3854 m
1918 3796 1987 3910 '⁰9

292 3947 357 4081 s
559 3949 786 4035 sss
816 3947 1026 4053 ens
1067 3975 1122 4035 ex
1172 3881 1620 4103 retractae
1638 3880 2002 4103 ”estimatur

292 4063 508 4204 H¹⁸Pf¹¹¹i³
527 4063 778 4196 pf⁰p¹¹isf³fi²
802 4063 859 4150 da
880 4063 1002 4196 Plibi
1019 4073 1120 4168 Μ’
1171 4108 1428 4216 praelucere.
1468 4106 1585 4194 Nam
1608 4108 1744 4210 clero,
1769 4117 1814 4195 et
1830 4109 2001 4218 populo

227 4255 230 4268 .
291 4186 340 4262 ut
359 4174 556 4283 ejusdem
573 4179 752 4278 mentis,
776 4186 821 4262 et
836 4176 1044 4284 prec1bus
1064 4176 1121 4265 ab
1172 4225 1460 4329 exposcente,
1497 4247 1522 4308 e
1556 4221 1825 4308 monasterio
1859 4227 2001 4309 ema,

292 4289 412 4374 omni
446 4292 664 4392 errorum,
700 4314 753 4374 ac
784 4289 989 4375 vitiorum
1019 4288 1121 4376 labe
1172 4345 1285 4438 ctus,
1319 4335 1695 4445 Archiepiscopus
1724 4334 2002 4443 Hispalensis

292 4428 467 4510 semper
501 4400 641 4488 libera
681 4403 977 4488 conservetur.
1033 4401 1121 4488 Per
1171 4453 1347 4538 creatus
1375 4459 1453 4534 est

290 4517 532 4603 Dominum
556 4525 769 4602 nostrum.
884 4635 892 4652 ι
965 4637 972 4654 ι
1228 4571 1278 4676 la.
1299 4563 1452 4651 Inveni
1469 4560 1626 4649 David.

345 4637 390 4708 In
412 4637 439 4708 1.
456 4639 656 4710 Nocturno
674 4641 777 4712 Lect.
802 4639 1048 4728 Saprenuam
1073 4642 1120 4713 de
1485 4675 1637 4759 Lectio
1658 4705 1695 4760 v,

294 4733 495 4806 Communi
521 4737 631 4808 noct.
1177 4778 1473 4995 susceptam
1484 4790 1732 4876 Ecclesiam
1749 4789 1869 4876 omni
1885 4815 2002 4893 cura,

526 4878 575 4956 In
593 4876 644 4957 Π·
664 4877 886 4960 Milium&
1257 4914 1302 4990 et
1325 4903 1624 4991 sollicitudine
1650 4903 1927 5010 gubernavit,
1955 4913 2002 4990 et

294 5005 364 5086 Ex
394 5003 443 5085 B·
471 5001 646 5088 Isidoro
678 5010 723 5089 et
752 5003 1014 5088 Sanctorum
1043 5003 1120 5088 Hi·
1169 5029 1219 5104 ut
1235 5022 1405 5126 peritus
1430 5021 1639 5121 magister
1662 5043 1821 5105 navem
1844 5017 1890 5101 in
1910 5019 1999 5100 me·

292 3275 378 3353 me,
397 3249 609 3336 Ecclesiae
626 3259 792 3335 sanctae
810 3248 973 3353 lumen,
992 3249 1123 3337 beate

291 3361 510 3466 Leander,
533 3362 693 3449 divinae
712 3361 821 3468 legis
839 3368 1026 3464 amator,
1049 3361 1121 3448 de·

292 3480 476 3586 precare
496 3502 580 3584 pro
600 3475 729 3563 nobis
746 3475 905 3562 Filium
922 3476 1019 3562 Dei.

629 3604 794 3688 Oratio.

507 5117 675 5225 spaniae
701 5113 905 5202 historiis.
1171 5129 1257 5218 diis
1273 5129 1613 5238 tempestatibus
1631 5130 1799 5216 salvam
1814 5152 2002 5237 semper,
2181 5223 2182 5252 ἢ

594 5251 747 5336 Lectio
768 5253 820 5334 iv.
1171 5255 1217 5331 et
1242 5243 1508 5330 incolumem
1534 5242 1590 5328 ab
1617 5243 1737 5330 omni
1759 5242 2001 5352 impietatis

338 5392 393 5435 c
415 5360 602 5447 eander
633 5361 1008 5469 archiepiscopus
1044 5359 1120 5443 Hi·
1171 5362 1322 5446 errore
1349 5357 1640 5443 conservavit.
1686 5355 1823 5460 Cleri,
1850 5365 1896 5443 et
1920 5359 2000 5464 po·

341 5480 389 5579 ξς
434 5475 670 5584 spalensis,
711 5483 838 5584 patre
882 5473 1119 5560 Severiano
1170 5471 1263 5579 puli
1279 5493 1428 5556 mores
1446 5469 1506 5555 ad
1523 5471 1792 5558 severiorem
1810 5468 2000 5577 discipli·
2180 5545 2181 5568 ,

330 5580 357 5620 ‘²
433 5589 528 5676 viro
576 5587 840 5692 clarissimo,
893 5595 938 5673 et
979 5596 1120 5672 matre
1169 5611 1272 5672 nam
1298 5583 1501 5670 correxit
1541 5583 1763 5671 Solemnis
1785 5583 1999 5671 Ecclesiae
