4290 6188
814 547 818 555 ·
893 509 1010 582 Festa
1032 509 1270 583 Decembris,
1292 512 1339 597 (8.
1362 513 1408 598 9.)

297 710 417 796 faces
454 709 763 815 admoventur,
809 721 943 821 caput
978 711 1130 798 ferreis
1182 721 1330 798 autem
1352 712 1462 797 socii
1485 711 1633 799 toliter
1659 714 2004 800 conversantium

296 823 467 910 molleis
483 824 776 930 continditur,
793 824 1002 911 mamillae
1019 851 1129 934 prae-
1183 823 1338 911 effoeti.
1389 824 1506 910 Nam
1533 835 1577 912 et
1599 824 1760 912 vinctis
1791 830 2005 935 compossi

298 937 572 1042 scindtintur,
592 937 776 1049 direptis
794 938 991 1026 vestibus
1009 941 1129 1045 igno-
1182 938 1306 1040 estis,
1332 947 1376 1024 et
1393 943 1593 1047 rapinam
1609 937 1829 1025 bonorum
1847 945 2004 1026 vestro·

296 1051 443 1137 miniae
463 1076 606 1155 causa,
622 1079 704 1162 per
720 1052 899 1160 poblica
915 1053 1016 1139 loca
1032 1078 1129 1162 per·
1181 1077 1279 1136 rum
1302 1075 1403 1136 cum
1425 1050 1588 1156 gandio
1612 1053 1889 1162 suscepistis,
1910 1079 2004 1166 cog·

298 1162 483 1251 dicitur.
520 1165 689 1271 Quibus
708 1167 940 1254 tormentis
959 1166 1129 1253 fortiter
1180 1168 1415 1253 noscentes
1432 1191 1513 1251 vos
1537 1165 1701 1252 habore
1722 1166 1949 1252 meliorem
1965 1179 2006 1253 et

298 1287 342 1364 et
361 1278 524 1367 invicte
547 1281 784 1388 superotis,
807 1277 988 1367 tandem
1011 1305 1129 1386 apa·
1180 1281 1430 1366 manontem
1445 1280 1746 1367 substantiam.
1768 1279 1920 1366 Nolite
1933 1285 2005 1367 ita·

296 1400 365 1478 tre
391 1392 629 1501 impietotis
657 1394 806 1480 furore
837 1396 1027 1496 amente,
1059 1396 1127 1477 co·
1182 1416 1268 1498 que
1277 1398 1481 1478 amittere
1491 1392 2006 1497 confidentiamvestram,

296 1504 389 1611 pite
415 1511 634 1611 truncoto,
661 1507 905 1611 gloriosum
930 1507 1130 1614 martyrii
1182 1531 1282 1613 quae
1308 1532 1513 1612 magnam
1538 1506 1674 1594 habet
1700 1509 2005 1594 remuneratio·

297 1622 484 1724 agonem
504 1620 837 1708 consummovit.
1180 1644 1292 1705 nem.
1335 1621 1552 1707 Patientia
1575 1621 1691 1706 enim
1714 1621 1841 1706 vobis
1865 1647 2006 1709 neces·

351 1750 402 1856 R,
427 1749 680 1840 Afferentur
698 1752 822 1857 Regi,
1180 1734 1298 1819 soria
1316 1743 1402 1837 est,
1425 1745 1490 1838 ut,
1514 1735 1787 1822 voluntotem
1804 1736 1892 1822 Dei
1911 1736 2006 1822 faci·

348 1895 393 1966 [n
414 1896 480 1969 ΠΙ.
496 1895 698 1970 Nocturno
720 1896 893 1969 Homilia
916 1896 956 1968 in
979 1896 1126 1985 Evang.
1181 1848 1320 1950 ontes,
1347 1849 1587 1957 reportotis
1612 1849 2007 1955 repromissionem.

296 1991 428 2068 ssmfle
451 1995 525 2069 erit
546 2016 708 2087 regnum
728 1997 925 2071 mmmm,
948 1992 997 2065 de
1015 1992 1127 2066 Com.
1179 1959 1341 2046 Adhuc
1372 1963 1489 2094 emim
1518 1961 1742 2081 modicum
1769 1962 2007 2095 aliqttitntu·

294 2089 401 2160 muni
424 2087 530 2178 virg.
556 2089 585 2162 1.
607 2089 707 2163 loco.
1179 2073 1290 2176 lum,
1323 2100 1398 2182 qu1
1427 2083 1638 2163 ventorus
1671 2085 1758 2176 est,
1790 2081 1939 2164 vomet
1968 2088 2007 2162 et

297 2208 1128 2221 -·---
1179 2213 1269 2273 non
1292 2186 1498 2276 terdobit.
1541 2190 1693 2276 Justus
1716 2198 1865 2275 autem
1890 2216 2007 2276 meus

497 2267 583 2353 Die
601 2269 639 2351 8.
657 2266 930 2354 Decembris.
1180 2326 1236 2387 ex
1253 2299 1343 2388 fide
1360 2304 1480 2391 vivit,

296 2402 646 2491 Immassulatffi
667 2404 897 2510 concept.
916 2406 970 2491 B·
988 2405 1051 2490 Μ·
1070 2404 1127 2492 V·
1232 2424 1284 2530 Ii.
1309 2426 1551 2534 Abstorgct
1569 2427 1704 2513 Deus.

430 2527 588 2618 Duplex
611 2526 639 2598 1.
663 2527 775 2600 class.
799 2548 886 2597 cum
908 2525 988 2653 Oct.
1257 2569 1409 2655 Lectio
1430 2571 1471 2655 ii·
1759 2574 1865 2680 Cap·
1882 2578 1935 2657 n·

348 2640 488 2713 Omnia
509 2649 552 2714 ut
574 2640 615 2712 in
638 2640 751 2713 Brev.
774 2640 910 2712 eadem
934 2639 1008 2709 dre.
1180 2692 1250 2909 J

1252 2711 1359 2789 uxta
1376 2702 1511 2790 fidem
1529 2702 1723 2792 destincti
1738 2715 1840 2792 sunt
1858 2731 2007 2792 omnes

501 2817 586 2902 Die
604 2818 644 2901 9.
660 2818 932 2904 Decembris.

297 2953 367 3037 Ss.
393 2953 628 3060 Eustotii‚
654 2953 855 3041 Proculi
874 2958 927 3049 ¹et
955 2955 1128 3042 Golbo-
1178 2932 1324 3035 nibus,
1348 2930 1429 3017 sed
1447 2957 1474 3016 a
1490 2930 1620 3039 longe
1641 2959 1716 3019 eas
1734 2934 2008 3042 aspicientes,

370 3067 470 3154 daei
486 3065 612 3148 Mart,
631 3063 801 3149 Civium
820 3061 1057 3146 Panmmit,
1179 3055 1224 3130 et
1248 3044 1506 3148 salutantes,
1532 3055 1576 3132 et
1603 3046 1883 3148 confitentes,
1912 3048 2008 3153 quia

515 3194 674 3284 Duplex
695 3194 727 3264 2.
753 3194 907 3265 elassis.
1179 3157 1400 3264 peregrini
1431 3168 1475 3245 et
1506 3158 1706 3269 hospites
1741 3172 1843 3247 sunt
1878 3187 2008 3270 super

347 3313 485 3386 Omnia
523 3317 572 3388 de
601 3316 806 3388 Communi
839 3318 991 3406 plurim.
1017 3316 1125 3386 Mart.
1177 3282 1354 3411 teffam·
1398 3273 1483 3376 Qui
1506 3274 1621 3406 enim
1638 3272 1736 3407 hssc
1762 3273 1934 3415 dicunt,
1958 3275 2007 3359 ⁸1·

293 3420 438 3498 praeter
459 3415 672 3503 sequentia.
1178 3385 1387 3489 gmfieant
1408 3412 1456 3472 se
1474 3390 1664 3492 potrram
1681 3412 1918 3494 inquirere.
1954 3389 2008 3472 Et

1179 3498 1216 3581 si
1241 3496 1421 3606 quidem
1445 3500 1585 3608 ipsius
1609 3503 1929 3606 meminissent,
1957 3501 2008 3587 de

476 3661 594 3748 celsa
610 3545 916 3751 11ῗὲἃῖἒωίηο
954 3672 1124 3754 sancto·
1179 3637 1267 3719 qua
1281 3614 1491 3714 exiorunt
1505 3612 2005 3747 lrabobantitiquetem·

292 3609 559 3981 ''rum
576 3726 820 3885 Mort’yrum
842 3730 1019 3865 tuo’mm
1040 3780 1124 3866 Eu,
1177 3751 1261 3856 pus
1285 3726 1548 3813 revertendi
1590 3726 1721 3860 Nunc
1748 3739 1899 3815 autem
1924 3754 2006 3814 me·

462 3890 592 3993 stom,
615 3891 793 3976 Procne
818 3902 863 3978 et
888 3893 1126 3980 Golboda'ei
1176 3836 1334 3925 ¹¹⁶f0¹¹¹
1358 3843 1589 3949 ipsium,
1612 3839 1746 3944 dest,
1771 3842 2005 3928 coelestem

295 4005 458 4086 corona
483 4003 692 4106 laetificet,
722 4030 822 4113 quae
851 4018 895 4094 et
921 4005 1027 4093 fidei
1049 4034 1124 4094 no·

294 4117 1125 4225 straeprs'ebeatincremontavirttitum,

295 4233 340 4310 et
365 4227 597 4338 multiplici
620 4256 704 4316 nos
735 4232 945 4339 suffragio
969 4261 1123 4322 conso·

293 4337 418 4425 lotur.
458 4343 544 4427 Per
561 4343 810 4432 Dominum.

534 4504 876 4587 1n1.Noetumo.
1175 4524 1334 4608 vorunt
1365 4548 1444 4608 ora
1474 4522 1669 4625 leonum,
1708 4524 2005 4610 exstinxorunt

290 4640 361 4723 De
386 4639 589 4748 Epistola
615 4644 736 4731 beiti
761 4645 888 4731 Pauli
914 4644 1125 4753 Apostoli
1175 4639 1391 4744 impetum
1421 4636 1553 4740 ignis,
1590 4636 1837 4742 effugorunt
1869 4638 2004 4722 iciem

487 4799 491 4807 ·
548 4758 607 4844 ad
635 4757 866 4846 Hebraeos.
1175 4749 1322 4853 gladii,
1341 4748 1660 4835 convaluerunt
1674 4750 1731 4836 de
1744 4750 2004 4849 infirmitate,

367 4887 521 4975 [ΜΟ
538 4891 562 4972 j,
858 4892 963 4998 Cap·
979 4892 1043 4972 10·
1176 4862 1314 4948 sortes
1343 4862 1449 4949 facti
1479 4872 1582 4949 sunt
1613 4863 1657 4947 in
1687 4862 1827 4962 bello,
1849 4863 2004 4955 ¹castra

307 5102 341 5145 „
370 5111 374 5114 Α
411 5038 569 5114 ratres:
590 5029 965 5115 Rememoramini
981 5027 1123 5136 pristi·
1176 4979 1401 5061 ve¹t⁶m¹¹t
1428 4971 1693 5063 mmmm·

428 5167 510 5228 nos
542 5142 655 5243 dies,
686 5144 732 5227 in
760 5141 938 5250 quibus,
970 5140 1124 5226 illumi-
1227 5103 1279 5207 R·
1306 5099 1404 5185 Viri
1423 5100 1835 5254 sanctidfflfspsum·

429 5256 538 5359 noti,
561 5281 768 5362 magnum
792 5261 1014 5342 certamen
1032 5280 1123 5339 sus·
1476 5236 1630 5322 LeCUO
1650 5265 1705 5319 111·

290 5369 482 5456 tinuistis
510 5370 776 5476 passionum.
825 5370 883 5455 Et
911 5368 956 5453 in
984 5368 1123 5454 altero
1251 5367 1299 5451 lii
1313 5379 1461 5456 autem
1479 5370 1659 5458 distenti
1677 5380 1792 5472 sunt,
1807 5395 1896 5456 non
1914 5392 2002 5454 sus·

293 5482 472 5590 quidem
496 5484 751 5594 opprobriis
770 5494 815 5571 et
831 5482 1122 5571 tribulationi·
1298 5481 1511 5590 cipiontes
1545 5484 1916 5594 redemptionem,
1957 5490 2003 5567 ut

291 5595 376 5684 bus
410 5598 714 5705 spectaculum
745 5597 869 5684 factis
904 5598 950 5681 in
984 5595 1124 5681 iltero
1175 5592 1403 5680 meliorem
1445 5598 1691 5684 invenirent
1725 5595 2003 5685 resurrectio

1176 3949 1286 4038 Ideo
1309 3980 1399 4040 non
1418 3953 1699 4040 confinditur
1718 3955 1841 4041 Deus
1858 3955 2006 4042 vocori

1176 4066 1299 4151 Deus
1337 4071 1509 4170 eorum3
1552 4067 1727 4176 parovit
1770 4069 1889 4154 enim
1925 4068 2005 4154 illis

1178 4181 1414 4266 civitotem.
1453 4182 1539 4284 Qui
1555 4207 1638 4290 per
1656 4181 1792 4268 fidem
1809 4181 2006 4270 vicorunt

1176 4319 1329 4400 regna,
1356 4296 1529 4404 operoti
1554 4305 1657 4380 sunt
1679 4296 1908 4401 justitiam,
1935 4293 2004 4392 ad·

1283 2817 1368 2920 isti,
1386 2842 1477 2902 non
1495 2819 1690 2927 accoptis
1708 2820 2007 2928 repromissio
2136 2819 2137 2824 '

1177 4409 1269 4517 opti
1293 4419 1394 4496 sunt
1417 4410 1802 4517 repromissiones,
1831 4409 2002 4497 obtina-
2133 4480 2134 4504 ,
