4354 6184
977 507 1093 577 Festa
1116 505 1218 592 llaii.
1242 504 1321 591 (19.)

218 701 225 712 '
302 728 389 810 que
419 707 595 789 vetdsto
627 700 824 803 nomine,
857 702 1129 805 Augustinus
1179 722 1266 807 que
1299 695 1565 805 praefecttira
1606 693 1856 799 insignitus,
1901 701 2002 779 tem-

300 814 404 904 inde
429 820 707 924 nuncupatus
735 825 812 902 est.
1177 810 1302 920 plum
1327 809 1442 894 inter
1473 817 1518 894 et
1545 809 1684 894 altare
1710 807 2004 895 circumfulsit

355 956 406 1060 ld.
430 957 681 1045 Honestum
698 955 811 1043 fecit.
1051 1045 1054 1054 ,
1236 922 1288 1026 ll·
1308 922 1639 1115 Amavitlffi)
1659 1031 1712 1115 Vi·

612 1123 840 1207 Lecton
1258 1149 1420 1237 omitiis
1451 1148 1693 1237 Mediolani
1724 1148 1910 1253 aaaron,
1944 1159 2006 1236 to-

305 1255 440 1470 Uni
473 1270 605 1375 igitur
636 1269 754 1371 De0,
789 1293 842 1402 ac
873 1267 957 1354 sibi
987 1277 1130 1410 notus,
1284 1268 1371 1350 tius
1407 1262 1573 1349 ordinis
1608 1261 1838 1395 Generalis
1870 1264 2007 1396 Prior,

417 1381 672 1491 mundoque
685 1381 821 1469 volun
835 1380 1131 1513 conseparltus,
1182 1402 1449 1487 quamquam
1471 1376 1647 1478 absens,
1674 1379 1871 1461 ommum
1894 1387 2006 1463 vobs

301 1499 475 1602 mirum,
501 1521 634 1604 quam
655 1495 784 1581 hilari
808 1495 954 1582 animo
977 1494 1131 1580 vilissi-
1180 1491 1261 1578 firit
1274 1489 1586 1576 conclamatus.
1614 1491 1755 1593 Quem
1772 1489 2005 1577 autemho·
2158 1521 2159 1524 ¹

302 1637 374 1698 ma
410 1634 600 1719 quaeque
636 1608 827 1696 coenobii
856 1609 1006 1696 monia
1034 1609 1132 1716 pari
1179 1603 1301 1690 noris
1322 1600 1507 1707 gradum
1524 1627 1615 1688 non
1632 1601 1775 1703 aliter,
1801 1628 1936 1710 quam
1952 1605 2007 1709 ju·

301 1725 546 1812 humilitate
577 1731 623 1810 et
651 1721 864 1830 patientia
893 1747 983 1808 non
1019 1721 1130 1808 absi·
1179 1717 1312 1804 bente
1338 1714 1567 1801 Bonifacio
1592 1719 1866 1824 susceptum,
1892 1717 2006 1804 bien·
2159 1769 2160 1784 ι

301 1835 628 1923 mili'eirarcuit
679 1838 824 1940 Quum
855 1845 1002 1922 autem
1032 1843 1132 1922 acta
1180 1831 1254 1916 nio
1276 1837 1379 1938 post
1395 1827 1587 1938 Neapoli
1610 1829 1851 1932 dimittens,
1873 1831 2008 1917 &nas

303 1953 394 2058 ejus
412 1951 457 2036 in
476 1949 627 2036 abdito
648 1949 841 2057 quodam
854 1947 1014 2035 Siciliae
1030 1948 1131 2036 loco
1181 1943 1380 2053 pristinae
1401 1941 1506 2028 vitae
1530 1941 1753 2029 desiderio
1778 1942 1924 2046 rediit,
1949 1954 2009 2029 at-

301 2066 584 2172 (quamquam
601 2089 653 2148 ea
672 2061 968 2149 occultissima
982 2060 1129 2149 volue·
1184 2082 1271 2164 que
1304 2057 1350 2140 in
1385 2059 1581 2143 eremum
1610 2057 1750 2144 sancti
1778 2055 2011 2160 Leonardi,

302 2179 384 2284 rat)
427 2180 734 2285 susceptaeque
768 2175 872 2263 vitae
907 2178 1131 2262 cruentam
1182 2197 1235 2259 ea
1259 2169 1377 2259 haud
1400 2171 1557 2280 procul
1583 2170 1640 2257 ab
1666 2170 1776 2257 urbe
1803 2171 2011 2278 confugit,

302 2291 604 2398 asperitatem,
636 2314 688 2375 ac
713 2287 1047 2376 sanctimoniam
1070 2288 1131 2374 vi·
1180 2311 1270 2371 non
1293 2287 1387 2373 sine
1408 2294 1556 2371 tamen
1573 2285 1832 2372 Senensium
1846 2286 2011 2373 emolu·

302 2404 411 2490 cinis
444 2403 555 2490 locis
591 2403 751 2488 famam
785 2403 967 2508 vulgare
1002 2401 1131 2490 facile
1180 2402 1351 2502 manto,
1382 2401 1459 2508 qui
1483 2397 1702 2484 feliciores
1728 2424 1823 2506 prae
1850 2401 2011 2486 coteris

303 2527 436 2622 esset,
459 2519 636 2623 ignotus
652 2517 844 2626 penitus,
868 2525 914 2602 et
930 2516 1131 2624 procula
1180 2512 1417 2618 Hetrirriaev
1454 2511 1633 2622 populis
1677 2511 2010 2600 celeberrimum

303 2631 410 2733 suis,
434 2655 490 2716 ex
507 2630 663 2716 Siculis
681 2629 739 2716 ad
758 2628 953 2716 solitaria
970 2630 1130 2716 Senon·
1180 2625 1506 2714 xenodochium
1544 2635 1590 2710 et
1621 2624 1809 2711 inventis
1843 2635 2012 2733 praeter

302 2743 363 2829 sis
387 2742 565 2830 ditionis
584 2743 789 2830 coenobia
806 2743 1000 2830 secessit.
1043 2742 1129 2829 Ne·
1182 2739 1433 2847 opinionem
1451 2738 1656 2826 censibus
1670 2748 1856 2840 auctum,
1876 2748 1923 2825 et
1935 2739 2011 2824 ho·
2162 2833 2163 2846 Ν

304 2881 389 2963 que
424 2881 531 2943 vero
566 2856 629 2943 ibi
663 2855 827 2944 diritius
861 2854 945 2941 sub
979 2855 1129 2942 modio
1180 2853 1360 2960 minum,
1389 2855 1463 2962 qui
1484 2854 1529 2937 in
1552 2853 1637 2938 Dei
1661 2852 1873 2939 famulatu
1899 2863 2011 2956 sunt,

302 2965 562 3055 delitescere
574 2969 707 3056 licuit
728 2970 796 3054 Ex
811 2968 1002 3078 quadam
1016 2969 1131 3054 enim
1181 2966 1312 3054 saluti
1337 2972 1602 3077 opportirnae
1631 2967 1737 3053 satis
1764 2966 2011 3068 consulens,

301 3080 622 3181 lucubratione,
654 3107 786 3189 quam
811 3083 907 3191 ipse
934 3082 1047 3169 clam
1072 3083 1130 3170 ad
1179 3079 1341 3185 videre,
1360 3091 1405 3168 et
1416 3079 1581 3168 vidisse
1594 3080 1732 3166 semel
1744 3078 1885 3184 gavisi
1898 3091 2013 3166 sunt

301 3195 467 3282 tuenda
491 3194 684 3281 coenobii
699 3197 792 3304 jura
816 3195 1129 3297 confeceram
1179 3194 1342 3281 Plenus
1373 3194 1552 3282 tandem
1582 3193 1769 3296 meritis,
1808 3202 1854 3279 et
1885 3194 2010 3281 sonio

301 3305 471 3394 Jacobo
501 3308 771 3410 Palearesio,
803 3333 934 3415 quem
963 3309 1129 3397 studio·
1181 3309 1425 3411 confectus,
1469 3334 1522 3395 ac
1565 3309 1603 3393 si
1645 3307 1768 3394 nullo
1807 3309 2011 3418 corporis

302 3445 400 3506 rum
430 3421 536 3506 olim
566 3422 781 3510 Bononiae
815 3421 1032 3509 habderat
1061 3429 1129 3510 so·
1180 3423 1287 3508 vitio
1314 3426 1568 3524 vexaretuu,
1599 3421 1704 3508 licet
1734 3430 1779 3507 et
1809 3425 2011 3509 extremo

302 3535 432 3637 cium,
451 3536 702 3641 recognitus
719 3536 816 3640 fuit,
834 3537 910 3644 qui
927 3562 1017 3623 non
1034 3538 1130 3625 sine
1180 3535 1337 3621 morbo
1361 3535 1583 3639 laborans,
1607 3536 1765 3622 francs
1787 3535 1845 3622 ad
1867 3561 1916 3622 se
1935 3562 2011 3623 vo·

301 3647 485 3736 fratrum
513 3647 802 3737 admiratione
833 3651 946 3737 inter
978 3651 1130 3738 oscula
1180 3650 1298 3736 cavit
1318 3654 1594 3757 rogavitque,
1617 3659 1667 3736 ut
1689 3675 1769 3736 suo
1789 3648 1931 3736 obitui
1947 3650 2010 3735 in·

301 3770 347 3847 et
360 3762 600 3870 amplexus,
613 3764 749 3850 multa
761 3763 818 3851 de
829 3763 1041 3852 Matthaeo
1056 3765 1129 3852 de·
1179 3767 1415 3850 teressent:
1447 3762 1606 3871 quibus
1637 3790 1723 3848 una
1749 3763 1879 3848 simul
1904 3790 2010 3850 non·

301 3873 566 3981 praedicans,
585 3877 707 3964 litem
725 3875 978 3986 quamdam,
997 3903 1130 3985 quam
1178 3878 1308 3964 nollis
1330 3876 1596 3963 senensibus
1621 3877 1820 3985 patriciis
1847 3879 2009 3964 oranti·

301 3989 569 4104 monasterio
587 3991 899 4095 intentaverat,
918 3991 1035 4078 ultro
1054 3993 1129 4080 ad·
1179 3992 1273 4096 bus,
1295 3990 1473 4078 nutibus
1492 3990 1723 4079 declarans
1742 4017 1790 4078 se
1808 3990 1867 4078 ad
1884 3996 2009 4079 aeter·

301 4100 518 4208 judicavit
557 4105 793 4192 Detectum
814 4110 964 4213 itaque
982 4107 1129 4211 Augu·
1179 4133 1258 4193 nas
1281 4132 1333 4193 ac
1358 4105 1561 4193 coelestes
1585 4104 1740 4213 epulas
1765 4107 2010 4210 invitatum,

301 4220 463 4307 utinum
508 4218 633 4324 gravi
675 4219 808 4312 animi
851 4219 919 4304 sui
963 4219 1128 4324 dolore,
1180 4219 1449 4307 obdormivit
1473 4219 1602 4306 laetus
1628 4218 1673 4304 in
1698 4218 1909 4320 Domino,
1937 4220 2010 4308 die

301 4354 494 4437 moxque
515 4331 573 4419 ad
591 4357 739 4418 sacros
758 4329 935 4418 ordines
954 4358 1009 4419 ex
1027 4332 1128 4419 obe·
1180 4330 1484 4420 decimanona
1501 4332 1614 4439 Maii,
1639 4358 1755 4419 anno
1773 4333 2009 4422 millasimo

302 4440 467 4530 dientia
483 4448 737 4552 promotum
754 4445 912 4532 beatus
926 4445 1128 4532 Clemens
1178 4448 1485 4534 trecentesimo
1504 4472 1635 4533 nono.
1666 4447 2011 4554 Quampliuimis

301 4557 594 4662 Auximanus,
639 4561 715 4667 qui
746 4561 949 4646 universo
984 4557 1129 4646 ordini
1178 4570 1285 4671 post
1311 4559 1480 4647 obitum
1507 4559 1636 4646 editis
1661 4559 1902 4662 miraculis,
1933 4561 2009 4648 Se·

300 4676 508 4780 praeerat,
531 4674 721 4760 Romam
747 4674 915 4762 itineris
937 4684 983 4761 et
1007 4680 1128 4786 cura·
1179 4680 1336 4760 narum
1354 4679 1589 4784 episcopus
1608 4679 1853 4784 permotus,
1877 4699 2009 4762 vene·

301 4812 400 4870 rum
433 4787 640 4874 comitem
673 4789 898 4896 perdixit;
938 4814 1129 4896 quocum
1180 4785 1332 4876 rabilis
1349 4787 1498 4874 famuli
1511 4789 1597 4874 Dei
1615 4814 1718 4875 ossa
1734 4789 1781 4872 in
1796 4788 1895 4876 aede
1912 4815 2010 4876 san·

302 4898 501 4987 sedulam
524 4901 703 4989 navavit
728 4907 926 5013 operam,
952 4912 1002 4989 ut
1028 4929 1128 4990 con·
1182 4906 1241 4990 cti
1257 4904 1492 5009 Augustini
1515 4903 1694 5011 publico
1718 4903 1856 4989 coltui
1873 4910 2009 5012 expo

302 5015 553 5104 stitutiones
578 5016 823 5104 eremiticas
841 5020 1128 5124 recognosce·
1180 5018 1264 5104 sita
1290 5016 1499 5104 collocari
1523 5017 1658 5124 jussit
1704 5019 1801 5121 Quo
1827 5015 2010 5124 quidem

300 5138 388 5232 ret,
417 5129 700 5232 instauraret,
736 5139 870 5237 atque
898 5129 943 5213 in
974 5130 1129 5218 molius
1180 5130 1237 5217 ab
1277 5129 1613 5217 immemorabili
1652 5134 1854 5239 tompore
1890 5157 2007 5218 com-

301 5240 494 5330 referret.
534 5242 587 5328 In
604 5243 725 5330 Urbe
746 5241 936 5330 Nicolao
960 5253 1129 5351 quarto,
1179 5247 1329 5353 parto,
1357 5267 1409 5329 ac
1431 5243 1641 5350 probato,
1668 5243 1870 5330 Clemens
1893 5242 2009 5331 deci·

304 5354 543 5443 Caelestino
554 5357 708 5463 quinto
723 5367 769 5443 et
777 5357 1006 5443 Bonilacio
1017 5361 1129 5443 octa-
1179 5383 1277 5444 mus
1298 5357 1454 5443 tertius
1471 5357 1708 5462 Augustini
1728 5382 1889 5443 nomen
1906 5357 2008 5444 bea·

302 5495 360 5556 vo
392 5497 418 5555 a
443 5471 791 5559 confessionibus
821 5471 921 5574 luit,
951 5471 1127 5579 majoris
1181 5475 1329 5558 torum
1345 5471 1470 5556 fastis
1494 5469 1744 5580 adscripsit;
1768 5473 1893 5580 cuius
1909 5471 2008 5560 bra·
2044 5519 2051 5534 ·

303 5583 622 5672 Poenitentiarii
631 5590 822 5688 monere,
831 5585 1019 5671 Sacrani
1030 5609 1130 5693 quo
1182 5584 1327 5670 chium
1343 5586 1429 5691 iam
1446 5585 1549 5673 inde
1566 5585 1624 5672 ab
1642 5611 1757 5672 anno
1774 5585 2009 5674 millesimo
