4322 6182
300 507 374 582 20*
667 507 809 588 Quarta
834 506 896 575 die
920 506 1020 576 infra
1045 505 1123 576 Oct.
1149 505 1184 577 S.
1209 506 1408 576 Francisci
1433 507 1479 576 de
1503 506 1634 576 Paula.

301 695 402 783 inde
430 695 627 782 declaret
654 696 916 799 doceetque,
945 693 1044 799 quis
1071 692 1127 778 sit
1176 691 1331 801 perbia
1357 686 1478 797 quod
1495 690 1657 778 amisit:
1683 699 1726 778 et
1748 717 1858 798 grex
1874 695 2006 803 pusil-

300 810 444 896 fidelis
472 819 516 896 et
543 834 693 893 amans
720 806 898 909 Christi,
931 830 1063 911 qnam
1090 806 1128 889 si
1177 805 1246 890 lus
1273 829 1326 889 ac
1352 803 1488 906 mitis,
1514 812 1632 890 totas
1660 814 1705 891 et
1730 807 1876 892 varies
1903 810 2006 894 ede·

300 923 482 1010 fratrum
518 947 667 1008 curam
700 932 802 1025 agat
831 945 1004 1028 proque
1034 920 1127 1004 illo·
1176 919 1288 1004 muit
1312 917 1492 1026 propria
1508 916 1844 1006 mansuetudine
1862 920 2007 1008 ferite·

300 1063 398 1123 rum
416 1037 555 1123 saliite
574 1044 699 1140 gerat
717 1032 1067 1120 sollicitudinem.
1177 1042 1263 1136 tes3
1281 1030 1466 1140 pusillus
1480 1055 1589 1135 grex
1602 1031 1708 1118 vicit
1726 1057 1779 1118 ac
1795 1033 1928 1140 fregit
1940 1045 2008 1122 tot

355 1165 407 1267 ll.
428 1157 608 1243 Amevit
625 1181 736 1242 eum.
1178 1149 1340 1250 genera
1364 1143 1620 1248 bestierrm,
1649 1155 1759 1252 quot
1782 1146 2008 1235 diversita-

596 1314 749 1397 Lecfio
769 1315 823 1396 Vi·
1177 1269 1246 1345 tes
1262 1255 1459 1342 sirbdidit
1472 1259 1574 1364 jugo
1591 1257 1754 1346 Christi
1770 1262 2009 1347 natienum.

308 1543 310 1550 Ι
399 1462 464 1523 aec
482 1461 634 1522 omnes
657 1433 836 1520 aridiant
854 1442 899 1519 et
914 1431 1129 1534 monachi,
1235 1384 1287 1487 R·
1307 1379 1399 1465 Iste
1418 1390 1485 1468 est
1504 1404 1591 1546 ‘¹⁰¹1

422 1551 498 1656 qui
520 1548 735 1635 mentium
764 1549 1035 1652 occeperunt
1062 1569 1129 1630 ca·
1471 1531 1623 1614 hecilo
1642 1559 1727 1612 V111·

303 1665 486 1765 crimina,
504 1663 669 1770 quique
683 1659 829 1747 modis
848 1657 1051 1745 omnibus
1065 1683 1130 1744 se·
1267 1678 1347 1738 rex
1372 1651 1557 1761 pusillus
1582 1678 1634 1739 ac
1659 1653 1777 1739 mitis
1805 1653 1881 1740 diu
1907 1679 2009 1740 con·

301 1782 425 1885 ipros
459 1775 623 1863 mundo
668 1773 995 1874 crucifixerunt,
1041 1797 1130 1880 quo
1301 1771 1450 1853 tentus
1485 1765 1647 1870 occidi,
1693 1766 1769 1852 din
1803 1767 2011 1854 devoreri

303 1916 385 1998 pro
402 1888 569 1976 viribus
591 1888 876 1975 ecclesiarum
893 1888 1130 1995 praelectos
1181 1907 1340 1990 passus
1363 1890 1445 1983 est,
1473 1878 1616 1966 donec
1640 1881 1816 1985 gentilis
1839 1884 2011 1968 saevitia

271 2104 275 2110 ¹
303 2004 509 2111 edjuvent
538 2003 785 2109 horumque
815 2026 943 2087 curas
968 2000 1132 2085 leniant
1182 1995 1393 2101 senguine
1416 1994 1576 2080 satieta
1599 1995 1670 2080 vel
1693 1994 1914 2096 carnibus,
1939 2021 2011 2081 ev·

301 2118 522 2226 precibus,
545 2115 798 2220 concordia,
825 2116 1024 2217 caritete3
1051 2113 1130 2197 sci·
1181 2109 1368 2213 angelici
1393 2107 1547 2217 pebuli
1577 2109 1839 2195 suavitetem
1871 2117 1917 2194 et
1948 2109 2011 2194 di·

303 2235 444 2333 entes,
481 2230 603 2336 quod
635 2232 720 2315 nisi
753 2228 898 2315 modis
930 2228 1132 2316 omnibus
1182 2222 1415 2308 vinifontis
1427 2222 1592 2307 fluenta
1603 2220 1852 2325 degustans,
1865 2231 2014 2308 totum

304 2343 574 2453 opitulentur
604 2345 678 2445 iis,
713 2343 789 2450 qui
822 2351 890 2427 tot
923 2342 1130 2450 periculis
1183 2337 1435 2439 contegium
1458 2333 1608 2420 saeculi
1636 2333 1836 2438 evitaret,
1864 2344 1909 2421 et
1934 2360 2013 2443 pa·

303 2457 583 2565 objiciuntur,
608 2482 688 2564 per
712 2455 898 2560 gretiam
919 2456 1021 2558 Dei,
1045 2466 1129 2543 tot·
1182 2460 1317 2536 stum:
1352 2458 1486 2557 atque
1515 2449 1561 2532 in
1592 2446 1815 2533 heminem
1846 2446 2014 2536 rediret

304 2597 390 2677 que
426 2572 706 2676 negotiorum
742 2595 869 2654 curas
903 2569 1131 2672 stistinent,
1182 2589 1238 2648 ex
1255 2563 1408 2664 bestia,
1426 2563 1576 2670 quiex
1593 2561 1769 2647 homine
1787 2561 1932 2650 fuerat
1949 2563 2013 2650 di·

304 2682 653 2790 quibuscamque
672 2693 861 2790 possunt
878 2683 1131 2786 tationibus,
1182 2680 1334 2787 lepsus
1362 2677 1407 2761 in
1437 2675 1635 2762 bestiam.
1688 2675 1790 2762 Hoc
1820 2681 2015 2765 sensisse

304 2797 573 2901 auxilientur,
600 2821 866 2905 quamquam
882 2797 1040 2906 procul
1057 2796 1130 2881 ha·
1183 2804 1286 2878 ante
1300 2789 1556 2898 Prophetas,
1574 2788 1661 2875 hoc
1675 2789 1922 2897 Apestolos
1935 2791 2015 2876 im·

304 2909 505 3012 bitenter,
525 2920 570 2997 et
582 2911 724 2996 victus
738 2935 836 2996 sors
852 2910 961 3018 ipsis
981 2911 1131 3018 periis-
1182 2905 1348 3013 plesse,
1391 2904 1478 2990 hoc
1521 2903 1757 3011 pertulisse
1795 2903 2015 3012 Mertyres

304 3032 382 3126 set,
402 3033 445 3109 et
462 3034 557 3111 tota
573 3023 619 3107 in
632 3024 863 3131 scopulum
877 3024 1133 3132 impegisset
1183 3029 1373 3122 constat,
1400 3021 1637 3105 attestante
1664 3016 1759 3120 illo,
1787 3018 1862 3125 qui
1890 3016 2016 3104 dicit:

304 3136 529 3245 sapientia.
1036 3151 1041 3160 ·
1181 3132 1372 3241 Propter
1394 3141 1440 3217 te
1465 3131 1780 3218 mortificemur
1805 3140 1902 3217 tota
1930 3131 2016 3236 die,

359 3259 410 3361 li.
432 3258 688 3344 Istehomo.
1183 3245 1390 3334 aestimeti
1408 3271 1558 3330 sumus
1576 3254 1626 3331 ut
1640 3269 1748 3331 oves
1767 3244 2015 3332 occisionis.

1182 3361 1242 3448 Ut
1259 3385 1366 3446 vero
1384 3360 1470 3444 iste
1489 3384 1599 3464 grex
1619 3359 1725 3444 novi
1751 3356 1918 3445 erdinis
1942 3385 2015 3464 ag·

367 3585 370 3592 ,
414 3578 424 3598 ⁹
543 3437 593 3516 In
607 3437 683 3596 fn·
701 3437 924 3597 N⁰⁰tufJ¹Q
1182 3474 1440 3579 grederetur
1463 3473 1679 3581 prae‘lium,
1700 3473 1778 3560 ubi
1795 3473 1905 3560 vivit
1927 3474 2015 3579 ille,

304 3581 456 3667 Lecho
479 3588 620 3664 sanct1
640 3577 868 3684 Evangehr
891 3578 1132 3666 secr'mdum
1184 3589 1258 3694 qui
1277 3588 1358 3674 luit
1376 3593 1565 3691 occisus;
1586 3587 1781 3672 imitetus
1800 3597 1868 3673 est
1885 3614 2015 3675 suum
2059 3618 2064 3651 ¹

629 3691 806 3777 Lucam·
1182 3703 1367 3807 Regem,
1390 3702 1513 3786 illum
1538 3706 1717 3786 secittus
1740 3711 1808 3786 est
1827 3703 2014 3807 Agnum,
2058 3686 2065 3841 l

381 3813 534 3896 Lectio
553 3813 622 3894 vii.
873 3811 977 3916 Cap.
996 3813 1052 3893 12.
1183 3817 1258 3922 qui
1289 3815 1404 3902 sicut
1430 3815 1526 3901 ovis
1555 3813 1612 3901 ad
1640 3814 1907 3901 occisionem
1937 3815 2014 3902 du·
2059 3848 2064 3935 ῑ

301 3925 378 4141 In
409 3936 485 4021 illo
513 3940 730 4044 tempore:
761 3937 884 4023 Dixit
912 3938 937 4021 J
939 3963 1040 4024 esus
1068 3939 1129 4024 di·
1182 3941 1278 4016 ctus
1306 3938 1384 4014 est.
2058 3954 2064 4067 Ι

368 4049 550 4166 scipulis
573 4051 679 4135 suis:
703 4050 855 4137 Nolite
876 4052 1030 4137 timere
1053 4079 1130 4161 pu·
1239 4056 1290 4161 ll.
1310 4051 1405 4137 Sint
1422 4047 1572 4136 lumbi.

303 4159 426 4246 sillus
448 4188 570 4266 grex,
597 4163 699 4272 quia
721 4163 989 4271 complecuit
1007 4165 1129 4250 Patri
1485 4189 1637 4272 Lectis,
1656 4189 1710 4270 ix,
2058 4086 2064 4325 Ι

301 4283 452 4360 vestrO
478 4272 583 4360 dare
605 4274 732 4361 V0bi¹
757 4302 950 4381 regnum·
991 4276 1049 4363 Εἴ
1065 4280 1128 4363 ¹⁶·
1186 4304 1322 4518 Tibi
1341 4335 1448 4417 ergo
1466 4338 1560 4416 rex,
1582 4311 1664 4399 tibi
1682 4310 1907 4416 sacerdos,
1930 4315 2016 4402 tibi
2058 4340 2063 4409 ἰ

301 4386 434 4494 liqna·
641 4519 685 4546 .‚
859 4522 868 4540 .
998 4523 1007 4542 ,
1290 4434 1465 4536 pastor,
1499 4425 1580 4512 tibi
1611 4425 1894 4530 sacrificium,
1930 4429 2016 4515 tibi
2059 4462 2064 4513 ε

434 4518 712 4606 DeH0m1ha
732 4523 1010 4654 sanunetn
1183 4541 1296 4641 ovs,
1320 4540 1401 4627 sut
1423 4566 1577 4645 agnus,
1601 4538 1682 4626 eui
1704 4548 1847 4625 totum
1869 4530 2065 4671 factust

583 4631 854 4741 ChYYSOlOEL
1183 4665 1251 4742 est
1270 4655 1345 4763 qui
1369 4654 1534 4741 lecerat
1551 4664 1706 4740 totum.
1748 4655 1806 4738 Et
1831 4655 1906 4762 qui
1928 4655 2017 4744 sibi
2060 4684 2064 4741 ;

554 4774 614 4842 Ex
630 4774 813 4844 Sermone
828 4773 879 4846 23.
1181 4792 1437 4875 numquam,
1468 4767 1551 4854 tibi
1580 4767 1712 4853 tdfies
1743 4767 2016 4875 immutatur,

388 4944 438 5033 N
453 4895 612 4982 uffisfig
647 4894 801 4999 hodie,
847 4895 1128 5006 quemgdnm.
1180 4891 1366 4989 propter
1399 4890 1444 4966 te
1479 4881 1624 4966 verias
1659 4884 1932 4968 monstretur
1969 4885 2015 4968 in

316 5002 318 5011 ’
403 5108 404 5111 Χ
472 5008 578 5095 dum
594 5009 811 5096 Deminus
834 5009 1047 5117 pastorali
1070 5013 1129 5119 jn·
1180 4993 1355 5096 formas,
1376 4994 1451 5101 (lui
1468 5004 1615 5081 manet
1633 4995 1762 5080 tinica
1776 5019 1869 5080 ⁸11ae
1882 4997 2014 5101 male·

349 5096 394 5129 '
440 5150 441 5153 κ
471 5122 560 5208 bilo
601 5124 851 5230 clangorem
887 5124 1007 5210 tubae
1044 5149 1129 5210 οω-
1182 5108 1308 5194 stetis
1326 5108 1371 5191 in
1388 5107 1540 5193 forma.
1567 5107 1625 5192 Et
1644 5106 1751 5215 quid
1764 5105 1914 5215 plural
1933 5108 2015 5196 dat

299 5236 424 5321 lestis
454 5234 669 5342 adjsmjt,
704 5247 754 5324 ut
789 5237 864 5324 diu
899 5238 1129 5324 inclinatas
1182 5245 1230 5306 se
1246 5220 1327 5352 tibi
1345 5221 1479 5324 Deus,
1498 5220 1644 5324 homo,
1662 5231 1712 5306 ut
1729 5221 1844 5307 ferre
1862 5233 2012 5354 potes:

301 5348 450 5435 evium
481 5359 649 5438 mentes
681 5351 738 5436 ad
769 5350 916 5438 divina
941 5351 1129 5455 telleret,
1182 5359 1296 5439 qula,
1313 5344 1454 5436 ΰῒθθῒ,
1472 5344 1521 5420 tu
1535 5359 1624 5418 non
1637 5343 1768 5441 Ρθῒθὸ
1782 5338 2009 5422 sumere·

301 5462 482 5550 coeleste
515 5464 717 5572 protinus
752 5469 1037 5574 promoveret
1072 5464 1129 5551 ad
1241 5456 1301 5540 Te
1319 5457 1463 5541 Deum
1481 5455 1722 5542 laudemus·

301 5601 496 5683 regnum.
534 5578 783 5686 Aequisivit
800 5578 1036 5683 humilitas,
1060 5603 1128 5664 su·
1491 5619 1696 5626 --
