4322 6182
936 499 1053 568 aesta
1077 499 1179 586 urajr.
1203 499 1267 584 (11.
1295 499 1358 586 14.)

286 693 489 781 venerori
512 691 745 799 coeperint,
770 693 855 775 etsi
874 689 1024 797 prisca
1046 715 1122 774 no·
1174 688 1390 774 celebreri
1419 714 1547 777 sacro
1573 689 1690 777 illius
1718 690 2013 800 depositionis

285 806 355 894 bis
379 803 533 892 desint
546 806 847 904 monumenta,
870 805 1123 910 temporum
1174 798 1247 887 die
1265 802 1310 887 in
1325 802 1531 888 universa
1543 803 1842 913 Neapolitana
1855 805 2011 890 Archi·

285 917 457 1006 vicibus
482 921 661 1016 amissa,
687 940 743 1000 ex
766 915 864 1022 ipsa
886 923 1034 1000 tamen
1053 939 1121 999 so·
1174 913 1358 1000 dioecesi
1378 918 1610 1002 concessit.

285 1031 420 1116 lemni
455 1029 658 1136 corporis
692 1027 980 1113 translatione
1015 1027 1122 1112 satis
1225 1040 1277 1143 lb.
1303 1036 1439 1122 Posui
1457 1034 1735 1142 adjutorium.

285 1148 508 1253 superque
543 1141 804 1228 declaretur.
856 1139 957 1226 Hoc
988 1140 1121 1247 siqui·
1478 1195 1633 1278 Lectio
1652 1197 1696 1278 Vi

286 1257 389 1343 dem
406 1263 596 1357 constat,
619 1252 777 1361 populi
798 1253 949 1339 studio
969 1262 1013 1338 et
1031 1252 1121 1360 pie·
1514 1333 1523 1353 ,
1652 1333 1662 1351 ,
1699 1259 1724 1351 “,
1821 1337 1830 1358 ,
1947 1335 1957 1354 ,

284 1375 378 1455 tete
397 1369 443 1453 in
458 1393 559 1454 eum
572 1368 799 1472 flagrente,
818 1391 968 1452 sacras
981 1366 1121 1473 ipsius
1213 1333 1366 1414 Sfflm
1385 1342 1527 1481 flassftl
1544 1333 1727 1418 Mfixlffll
1744 1333 1972 1482 ΕΡΙῆθθΡΙ·

285 1483 468 1569 exsuvias
482 1508 507 1567 e
521 1480 670 1589 priori,
682 1478 760 1565 ubi
769 1480 1006 1585 jacuerant,
1019 1479 1121 1566 loco
1252 1463 1312 1533 Ex
1328 1464 1571 1536 H0m111a59.
1591 1467 1638 1536 de
1655 1467 1691 1536 S.
1707 1467 1880 1538 Eusebro
1896 1467 1926 1536 2.

285 1595 484 1701 eductas,
507 1593 667 1697 insigni
689 1591 1013 1700 supplicatione
1037 1591 1121 1677 ele·
1172 1583 1345 1794 Beeti
1358 1592 1502 1678 Patris
1517 1592 1740 1680 Eustetthii
1753 1595 1910 1681 merita
1922 1598 2011 1702 iam

284 1713 410 1796 vetas
429 1707 575 1809 luisse,
594 1706 702 1792 etin
720 1703 935 1811 templum
954 1715 1121 1791 sanctae
1283 1705 1328 1788 in
1349 1715 1448 1791 tuto
1472 1705 1620 1813 posita
1644 1707 1790 1792 securi
1812 1709 2011 1812 magnifi-

284 1821 437 1908 Mariae
453 1822 498 1905 in
511 1817 756 1905 Cosmodin
769 1818 1018 1916 translatas,
1037 1817 1119 1902 sub
1173 1821 1339 1903 cemus:
1363 1820 1440 1926 qui
1461 1819 1807 1923 gubernaculum
1825 1819 1931 1907 fidei
1950 1824 2013 1906 vi·

284 1960 361 2020 ara
386 1933 579 2022 mexima
609 1930 942 2035 religiosissime
969 1928 1119 2016 condi·
1172 1931 1311 2017 riliter
1328 1941 1494 2035 tenens,
1519 1931 1759 2020 anchoram
1777 1936 1874 2042 spei
1892 1943 2011 2020 tran·

282 2057 363 2136 tas.
388 2045 697 2156 Depositionis
710 2043 782 2129 die
799 2045 846 2128 in
860 2046 1120 2129 marmoreis
1174 2044 1310 2150 quilla
1334 2048 1422 2152 jam
1446 2044 1492 2128 in
1523 2044 1715 2131 statione
1746 2049 2014 2154 composuit,

158 2153 159 2158 ‘
283 2161 407 2248 fastis
427 2159 665 2264 assignoto,
683 2167 835 2266 patres
854 2157 1010 2258 nostri,
1029 2156 1120 2261 ejus
1173 2166 1218 2241 et
1253 2157 1431 2264 plenam
1467 2157 1724 2243 coelestibus
1762 2157 1927 2244 divitiis
1965 2171 2014 2245 et

283 2274 577 2381 patrocinium
608 2270 802 2379 experti,
838 2269 1120 2355 Eustetthium
1173 2271 1350 2355 aeternis
1372 2270 1592 2356 mercibus
1611 2296 1770 2357 navem
1787 2277 1946 2380 opteto
1965 2275 2013 2356 in

283 2385 491 2502 ampliori
506 2383 706 2493 quotidie
720 2383 843 2469 cultu
856 2383 1120 2490 prosequuti
1171 2381 1322 2467 littore
1335 2383 1587 2469 collocavit:
1601 2385 1677 2490 qui
1688 2395 1842 2471 contra
1854 2411 2013 2472 omnes

283 2510 396 2588 sunt.
1172 2494 1454 2581 adversarios
1495 2507 1672 2582 scutum
1715 2497 1888 2583 timoris
1924 2500 2014 2584 Dei

334 2617 387 2718 lo.
414 2611 569 2696 Inveni
587 2609 745 2694 David.
1170 2608 1341 2694 temdiu
1352 2609 1682 2716 infatigabiliter
1693 2611 1851 2713 tenuit,
1865 2609 2015 2699 donec

592 2731 746 2815 Lectio
767 2761 804 2812 v.
1172 2722 1229 2807 ad
1240 2722 1472 2808 victoriam
1482 2727 1746 2830 perveniret.
1762 2722 1880 2828 Quid
1892 2726 2014 2810 enim

283 2831 449 3046 Anno
486 2845 633 2921 autem
669 2833 850 2919 Domini
885 2831 1118 2919 millesimo
1171 2833 1253 2920 fuit
1283 2845 1406 2920 totus
1432 2837 1537 2922 vitae
1568 2835 1685 2920 illius
1715 2861 1892 2939 cursus,
1924 2838 2014 2922 nisi

391 2948 715 3034 sexcentesimo
726 2946 1121 3048 decimosextode·
1170 2973 1284 3032 unus
1303 2975 1404 3034 cum
1422 2949 1545 3054 vigili
1562 2949 1694 3035 hoste
1712 2947 1971 3036 conflictus?

285 3061 530 3148 cimosexto
574 3059 803 3146 Kalendas
846 3058 1119 3160 Decembris,
1223 3075 1275 3178 lp,
1301 3071 1393 3157 Iste
1412 3081 1481 3159 est
1500 3071 1586 3180 qui,

283 3175 426 3260 sancti
450 3173 673 3304 Eustf‘lthfi
698 3170 989 3305 0⁰fpufl·⁸¹¹‚b‚
1009 3174 1118 3279 ejl'ls·
1223 3213 1268 3282 In
1292 3213 1357 3282 Ill.
1381 3214 1583 3284 Nocturno
1615 3213 1758 3284 Homil.
1787 3213 1827 3284 in
1858 3215 2010 3302 Erang.

283 3285 386 3372 dem
414 3285 615 3373 ecclesiae
643 3284 772 3371 alteri
795 3288 951 3390 malon
976 3312 1022 3369 m
1047 3288 1119 3370 ve·
1174 3305 1301 3375 Homo
1324 3305 1497 3394 peregre.
1522 3309 1569 3378 de
1594 3307 1740 3379 Comm.
1767 3309 1794 3378 1.
1818 3311 1917 3382 loco.

281 3399 368 3485 teri
392 3403 641 3484 marmorea
659 3415 773 3482 uma'
792 3401 1018 3504 repertum
1040 3398 1118 3484 ibi·
1171 3421 1176 3432 “
1219 3412 1354 3484 Lectio
1380 3413 1430 3484 ix,
1461 3415 1508 3484 de
1540 3414 1598 3485 Ss,
1624 3415 1827 3486 Gordiano
1858 3423 1895 3484 ct
1915 3415 2008 3502 Epi-

283 3512 387 3597 dem
402 3516 628 3596 servotum
641 3510 733 3596 luit.
752 3510 854 3596 Hoc
867 3535 973 3596 sanc
988 3511 1119 3615 fact0,
1169 3510 1308 3578 macho
1332 3511 1441 3580 Mart.

280 3625 397 3819 lsiacri
416 3626 614 3820 pignuffris
632 3620 752 3755 apud
770 3624 891 3709 cives
910 3633 1041 3709 aucta
1053 3649 1118 3756 re·
1444 3664 1530 3750 Die
1547 3667 1600 3749 11·
1619 3665 1733 3773 Maii

280 3741 443 3956 cult?
464 3740 1117 3956 rettulitretiulit
1210 3799 1253 3884 Β·
1280 3801 1539 3996 agapis?
1552 3801 1627 3998 ξε
1654 3801 1968 3997 apronmo

281 3959 405 4045 locro
437 3961 605 4046 affebre
641 3962 871 4048 elabordto
906 3964 1118 4070 repositae
1373 3939 1462 4103 ⁰¹¹5
1520 3939 1683 4104 Imm.
1740 3939 1833 4022 eap'

282 4083 384 4204 sunt
393 4137 413 4203 ’.
432 4073 660 4212 ‚simulque
692 4078 836 4160 onnua
866 4074 1118 4207 festivitatis
1328 4155 1335 4170 ,
1461 4059 1490 4171 ‚¹¹
1492 4056 1517 4124 p
1537 4057 1586 4106 ex
1608 4058 1744 4198 maJus.
1809 4159 1856 4198 Ι,
1919 4159 1927 4173 ,

283 4183 379 4317 (llos
402 4183 578 4270 mdleta.
618 4185 821 4319 Taqdem
845 4213 960 4272 anno
982 4187 1117 4273 nulle·
1168 4155 1433 4322 10381ηὲὲὲθὲ
1454 4165 1557 4324 ἔξω
1585 4159 1683 4229 festa
1709 4179 1780 4248 pro
1807 4159 2008 4247 aquu1bus

283 4324 395 4383 ⁵¹m⁰
419 4301 784 4404 OcfingenteffimO
803 4303 1117 4433 optuagfflm’
1220 4356 1265 4424 In
1288 4357 1316 4426 I.
1340 4358 1377 4426 N
1380 4367 1452 4428 oct.
1476 4310 1579 4429 Lect.
1609 4361 1758 4430 ,Iustus
1785 4361 1832 4429 dc
1858 4361 2007 4431 Comm.
2155 4347 2156 4431 l

283 4421 441 4519 quarto
465 4412 575 4497 Idus
593 4413 866 4519 Septembrrs
889 4419 1118 4519 recogmta
1170 4451 1198 4520 1.
1222 4452 1321 4522 1000.

280 4529 441 4610 iterum
466 4525 608 4610 sancti
623 4526 838 4634 Episcopi
860 4525 1049 4634 lipsana,
1073 4538 1118 4613 et
1167 4561 2006 4576 -----·--
2154 4575 2155 4590 1

282 4636 442 4723 eodem
469 4639 514 4721 in
543 4638 671 4724 altori
697 4649 865 4724 sanctae
892 4639 1045 4724 Mariae
1073 4641 1117 4724 in
1438 4620 1734 4728 D1014·M³l¹·

282 4749 542 4851 Cosmodin,
585 4749 830 4858 eademque
870 4777 997 4853 urna,
1041 4752 1117 4838 ubi
1259 4751 1303 4836 S.
1322 4755 1589 4859 Pomponii
1607 4758 1754 4862 Episc.
1773 4757 1912 4864 Neap.

280 4860 495 4947 hactenus
531 4864 688 4968 jacent,
721 4864 969 4971 composita
1004 4875 1116 4966 sunt,
1504 4883 1671 4974 Duplex.

282 4983 415 5080 atque
441 4976 639 5080 ejusdem
666 4976 833 5061 cultum
857 4977 914 5062 ab
938 4977 1117 5063 inremo-
1226 4995 1364 5066 Omnia
1387 4998 1444 5068 ,de
1473 4999 1680 5072 Communi
1711 5003 1821 5073 Conf.
1851 5002 2005 5082 Pontis„

281 5085 410 5171 rabili
423 5091 624 5195 tempore
639 5088 892 5192 exhibitum,
908 5115 964 5174 ex
977 5116 1117 5176 sacrae
1168 5101 1312 5179 praeter
1333 5097 1546 5183 sequentia.
1568 5095 1629 5183 (m.
1652 5105 1678 5168 t.
1701 5098 1751 5186 v.)

283 5197 649 5304 Congregationis
680 5202 864 5287 Rituum
899 5203 1116 5306 consulto,
1506 5210 1671 5296 Oratio

280 5309 375 5397 Leo
409 5309 763 5399 decimustertius
795 5315 1000 5402 Pontifex
1026 5315 1116 5400 lle·
1258 5341 1354 5417 eus,
1394 5317 1469 5422 qui
1499 5319 1681 5406 beetum
1708 5321 2004 5430 Pomponium

281 5423 425 5507 ximus
449 5425 744 5530 confirmevit,
770 5429 953 5533 eiusque
976 5427 1020 5510 in
1038 5425 1115 5512 ho·
1290 5428 1602 5516 confessorem
1646 5442 1780 5542 atque
1820 5435 2002 5542 Pontifi-

279 5539 437 5621 norem
455 5535 662 5622 Officium
679 5539 857 5624 reciteri
876 5550 921 5628 et
935 5539 1118 5626 Missam
1168 5565 1266 5626 cem
1300 5541 1605 5631 beneficentiae
1649 5556 1740 5632 tuae
1781 5547 2003 5636 thesauris
