4354 6184
1002 492 1118 564 Festa
1141 492 1280 564 Martii.
1305 492 1381 578 (13.)
1513 571 1514 574 Ἴ

644 681 797 766 Lectio
815 710 853 765 v.
1216 705 1327 783 eum,
1345 690 1395 765 ut
1410 681 1654 785 interesset,
1671 684 1858 774 vocevit
1887 683 2029 770 Inhoc

383 792 478 879 llud
496 801 643 878 autem
664 792 845 895 veritus,
868 789 1047 879 nedum
1067 792 1163 878 eliis
1214 819 1323 880 vero
1343 794 1540 881 Concilio
1562 796 1624 882 ita
1650 822 1698 883 se
1722 797 1876 900 gessit,
1898 810 1946 885 ut
1965 797 2029 884 de·

408 903 689 1014 praediceret,
713 906 932 1015 reprobus
956 905 1054 1013 ipse
1074 905 1163 992 effi·
1215 906 1317 993 inde
1343 907 1390 991 in
1416 908 1583 993 clerum
1609 909 1850 996 Trinecriae
1876 910 2030 996 univer-

332 1025 523 1124 ceretnr,
547 1043 788 1127 numquam
813 1017 982 1106 destitit
1000 1043 1163 1126 corpus
1215 1046 1314 1105 sum
1334 1026 1572 1107 comissum
1595 1022 1636 1107 ei
1657 1021 1790 1111 feerit
1813 1024 1867 1111 ab
1888 1021 2031 1111 eedem

333 1161 461 1219 suum
485 1132 720 1237 castigare,
745 1142 880 1241 atque
900 1131 1103 1237 redigere
1118 1132 1164 1216 in
1214 1133 1395 1220 Summo
1428 1133 1646 1222 Pontifice
1682 1134 1869 1223 erduum
1909 1137 2031 1223 refor-

333 1247 600 1334 servitirtcm.
635 1247 759 1332 Zona
778 1247 972 1353 quinque
990 1243 1164 1332 circulis
1215 1246 1421 1333 matienis
1456 1273 1589 1355 opus,
1625 1249 1747 1357 quod
1780 1260 1926 1336 tamen
1958 1277 2031 1357 pro

331 1360 486 1447 ferreis
514 1363 747 1467 compieta
772 1359 836 1444 ita
861 1358 1037 1444 lumbos
1062 1383 1163 1443 con·
1208 1361 1349 1448 enimi
1376 1361 1443 1446 sui
1470 1360 1691 1448 modestia
1715 1362 1890 1450 nonnisi
1912 1364 1955 1448 in
1975 1390 2031 1449 re·

190 1539 192 1556 .
331 1473 521 1576 strinxit,
548 1483 598 1559 ut
622 1497 705 1559 nec
729 1481 836 1580 post
862 1473 953 1579 ejus
982 1470 1163 1573 obitum,
1215 1473 1392 1579 gultres
1416 1475 1535 1561 viros
1560 1476 1880 1584 perficiendum
1903 1481 2033 1562 susce·

330 1588 415 1672 nisi
433 1586 656 1672 exsiccato
675 1583 892 1672 cadevere
915 1583 1043 1669 evelli
1060 1582 1163 1670 inde
1215 1587 1298 1694 pit:
1317 1598 1376 1690 et,
1394 1598 1444 1677 ut
1462 1599 1557 1675 erat
1572 1589 1843 1692 mitissimus,
1860 1590 2033 1696 benigne

329 1701 540 1808 potuerit.
583 1701 700 1786 Huic
727 1698 938 1786 severieri
963 1698 1164 1807 corporis
1216 1727 1317 1786 cum
1352 1703 1555 1789 omnibus
1590 1728 1727 1807 agens
1758 1703 1942 1790 feliciter
1970 1703 2032 1790 ab·

332 1813 612 1919 castigationi
640 1813 798 1922 jejrinia
833 1809 1023 1914 eddidit,
1058 1811 1163 1916 vigi-
1216 1814 1360 1902 selvit.
1391 1816 1502 1903 Post
1519 1815 1617 1902 haec
1633 1818 1678 1901 in
1698 1817 1951 1905 coenobium
1965 1817 2033 1902 Pa·

316 1927 430 2032 lias,
454 1927 653 2035 aliasque
676 1927 820 2014 carnis
834 1926 1165 2014 macerationes.
1215 1929 1512 2016 normitenum
1536 1939 1700 2016 sanctae
1721 1931 1836 2017 Zitae
1859 1955 1908 2016 se
1930 1934 2032 2017 rece·

331 2041 462 2128 Adeo
486 2042 531 2127 in
550 2067 603 2128 eo
622 2041 799 2147 vigebat
816 2064 900 2148 pro
919 2040 945 2124 J
947 2065 1026 2125 esu
1044 2037 1163 2123 Chri·
1216 2043 1297 2150 pit,
1318 2042 1397 2128 ubi
1419 2041 1600 2131 tandem
1616 2044 1803 2145 meritis,
1829 2053 1875 2130 et
1891 2042 2032 2130 laberi-

332 2156 390 2241 sti
425 2158 574 2241 amere
609 2154 808 2265 patiendi
844 2153 997 2254 ardor,
1030 2160 1081 2237 ut
1115 2177 1165 2238 se
1215 2155 1299 2242 bus
1329 2156 1506 2264 plenus,
1544 2157 1819 2244 sanctissime
1851 2156 2034 2244 excessit

331 2268 473 2353 minus
503 2268 567 2352 illi
597 2272 830 2376 acceptum
860 2291 959 2353 esse
986 2266 1164 2370 ingemi·
1215 2268 1379 2374 Signis,
1419 2275 1571 2378 eisque
1605 2271 1918 2378 praecleris,·a
1949 2269 2033 2353 Deo

331 2390 495 2485 sceret,
535 2383 573 2466 si
600 2382 673 2468 vel
713 2378 973 2486 aegritddine
1007 2379 1165 2485 aliqua,
1216 2383 1351 2469 fuisse
1372 2383 1656 2486 illustratum,
1679 2388 1833 2470 vetera
1855 2381 2035 2492 produnt

333 2496 404 2582 vel
422 2495 633 2580 aerumnis
658 2494 754 2579 eliis
781 2492 1053 2602 frequentius
1076 2515 1165 2578 non
1216 2500 1509 2583 monumenta.
1535 2497 1640 2604 Ejus
1655 2497 1821 2582 cultum
1832 2496 1938 2581 Pius
1953 2519 2034 2579 sex·

332 2611 585 2696 tentaretur.
646 2609 850 2715 Reliquae
893 2607 1021 2710 item,
1065 2629 1164 2713 quae
1216 2619 1288 2696 tus
1327 2609 1533 2696 Pentifex
1572 2610 1789 2695 miximus
1833 2606 2035 2718 probavit,

333 2721 556 2809 hominem
578 2721 897 2829 perfectionem
920 2722 1166 2805 sectentem
1218 2725 1399 2832 ejusque
1436 2721 1642 2808 Officium
1687 2734 1732 2810 et
1766 2721 1951 2809 Missam
1989 2719 2035 2805 ab

334 2836 513 2939 decent,
547 2837 734 2922 virtites
768 2835 814 2919 in
847 2834 923 2920 illo
958 2831 1167 2936 singuleri
1217 2837 1424 2923 universo
1441 2835 1791 2924 Praedicatorum
1812 2834 1978 2940 ordine,
2000 2841 2037 2916 et

252 2982 264 2998 ’
334 2974 518 3056 prorsus
540 2948 676 3035 modo
702 2949 969 3049 enituerunt,
995 2971 1048 3031 ac
1070 2970 1166 3054 prae
1216 2950 1541 3037 Panormitenae
1567 2950 1767 3036 ecclesiae
1793 2950 1917 3037 clero
1940 2946 2036 3034 cele·

335 3064 494 3150 ceteris
533 3062 678 3149 cultus
713 3062 918 3149 assiduus
952 3059 1168 3165 reguleris
1217 3064 1339 3150 brtri
1356 3064 1585 3150 concessit.

335 3173 591 3284 disciph'nae.
623 3179 722 3281 Quo
741 3175 907 3261 factum
923 3182 1003 3277 est,
1020 3183 1070 3259 ut
1088 3177 1166 3258 Βώ-
1271 3187 1321 3292 R
1348 3188 1440 3272 Iste
1456 3184 1602 3272 homo,

334 3290 434 3421 Pius,
465 3290 733 3422 nolifflmm
762 3286 1027 3375 institutioni
1056 3311 1166 3418 ΡΜ·
1270 3335 1314 3405 In
1338 3334 1403 3406 Ill.
1424 3335 1624 3406 Nocturno
1648 3333 1822 3404 Homilia
1845 3334 1886 3404 in
1905 3335 2036 3422 Evang.

334 3407 520 3509 pontus,
544 3402 644 3488 ulos
663 3400 721 3488 ad
740 3426 915 3487 omnem
934 3402 1166 3486 saucoma-
1219 3430 1305 3503 sat
1326 3430 1450 3502 rumas
1472 3429 1604 3503 vestra.
1629 3431 1676 3502 ae
1702 3431 1920 3502 communi.

334 3516 450 3602 niam
467 3515 786 3618 informaverit,
809 3515 995 3623 aliisque
1013 3522 1167 3601 auctor
1274 3536 1407 3609 Lectio
1425 3537 1475 3608 ix.
1494 3545 1532 3608 ct
1549 3557 1683 3608 comm.
1700 3535 1827 3607 Feriae
1843 3537 1884 3607 in
1900 3535 2011 3608 Laud.

334 3629 481 3734 fuerit,
509 3640 558 3717 ut
583 3630 843 3715 monesticae
866 3629 970 3714 vitae
996 3627 1166 3713 institu-
1219 3637 2038 3785 W

334 3753 427 3830 tum
446 3747 736 3854 susciperent:
756 3767 869 3851 quos
882 3742 995 3828 inter
1008 3739 1167 3826 merito
1512 3725 1554 3850 {⁶
1624 3764 1634 3783 ·
1699 3710 1810 3785 astu·

334 3860 587 3942 recensetur
602 3855 760 3944 beetus
775 3858 801 3941 J
803 3860 970 3942 oennes
983 3853 1167 3956 Liccius,
1360 3835 1453 3972 (pm.
1473 3834 1596 3972 llroec.
1620 3835 1914 3973 Calatamsrad.)

335 3971 422 4077 qui,
438 3971 574 4056 Petro
594 3968 825 4072 suadente,
842 3967 988 4055 ordini
1005 3967 1167 4054 nomen
1220 3953 1290 4040 SS·
1308 3951 1506 4038 numm
1528 3959 1572 4035 θῒ
1593 3951 1776 4037 8011101·
1797 3950 2037 4052 Martyrum·

336 4083 471 4169 dedit.
1458 4147 1461 4154 ,
1552 4071 1718 4160 Duplex.

389 4201 440 4304 ll.
463 4197 643 4284 Amavit
660 4221 772 4284 eum,
1273 4183 1410 4254 Omnia
1440 4185 1487 4256 de
1518 4185 1722 4258 Communi
1750 4183 1907 4273 plurim.
1934 4182 2037 4253 llari..

638 4309 793 4393 Lectio
814 4309 866 4391 vi·
1220 4290 1362 4370 praeter
1385 4283 1597 4373 sequentia.
1769 4367 1771 4372 ,

1276 4393 1419 4466 Oratio.
1448 4395 1574 4482 Deus,
1598 4391 1666 4483 qui
1687 4411 1762 4463 nos
1786 4389 1978 4463 concedis.
2000 4389 2037 4456 de

1221 4491 1436 4563 Communi.

336 4660 509 4741 a...
538 4651 695 4758 ...a
731 4651 897 4755 a...
934 4650 1168 4737 observan-
1219 4605 1858 4792 ..e.l.lltslluat

335 4769 442 4854 tiam
477 4764 819 4871 religionemque
854 4763 1033 4848 vivendi
1067 4787 1167 4848 nor·

335 4906 468 4984 mam,
488 4877 629 4966 sicubi
647 4877 890 4984 collepsam
907 4876 1084 4978 invenit,
1102 4900 1167 4961 re·
1447 4852 1574 4933 1¹111·
1602 4851 1827 4998 1116111110·

335 4995 533 5095 stituere,
556 4991 632 5078 ubi
649 5016 757 5078 vero
777 4990 1169 5094 florentem,tueri,
1525 4982 1751 5067 Lectrorv.

335 5117 380 5194 et
394 5105 664 5216 amplificere
674 5130 764 5191 non
775 5111 866 5190 tam
878 5103 1020 5207 dictis,
1037 5128 1169 5210 quam
1228 5138 1239 5217 i}
1257 5116 1296 5217 ,33‘
1350 5097 1929 5188 amirusmonasteriisancti
1937 5094 2039 5180 Clau·

335 5220 578 5308 benefactis
613 5217 770 5306 sedulo
806 5217 986 5303 curavit.
1043 5214 1168 5300 Illius
1235 5242 1268 5327 ³.
1367 5214 1427 5300 dii
1445 5212 1734 5320 Legionensis
1752 5211 1882 5297 Prior
1899 5208 1977 5294 fuit
1992 5228 2038 5290 eo

337 5333 601 5436 sanctitetis,
629 5343 674 5419 et
702 5331 916 5418 doctrinae
943 5332 1060 5415 lama
1083 5328 1168 5413 Eu·
1237 5326 1291 5341 '
1329 5327 1339 5371 ³
1365 5332 1578 5436 tempore,
1598 5353 1687 5437 quo
1706 5335 1886 5413 sanctus
1901 5319 2038 5407 Abbas

335 5449 489 5553 genius
509 5457 691 5556 quartus
709 5449 950 5554 permotus,
969 5441 1168 5529 Concilio
1219 5441 1480 5526 Vincentius
1505 5440 1720 5548 martyrio
1748 5437 1948 5525 subletns
1969 5437 2037 5518 est

337 5563 610 5649 oecumenico
630 5588 655 5647 a
674 5585 723 5646 se
736 5559 974 5647 Florentiae
990 5557 1170 5659 indicto,
1220 5554 1293 5641 Ab
1317 5555 1416 5664 ipso
1442 5565 1589 5644 autem
1614 5552 1671 5640 de
1694 5555 1884 5640 instante
1905 5567 2037 5658 persc-

338 4414 416 4630 In
448 4423 682 4525 coenobiis,
715 4448 902 4530 quorum
935 4420 1169 4530 prudentia

415 4565 600 4640 summa,
622 4562 706 4623 nec
722 4536 881 4623 mineri
898 4537 996 4622 zelo
1013 4534 1167 4643 praele-
