4322 6182
313 501 383 576 18*
687 505 818 574 Tertia
843 504 904 573 dio
930 503 1029 573 intra
1053 503 1132 574 Oct.
1157 501 1192 572 S.
1217 502 1415 598 Francisci
1440 503 1487 572 de
1511 503 1643 571 Paula.

311 691 431 779 haud
455 715 590 799 posse
620 686 965 793 magnitudinem
995 691 1138 789 gesto·
1190 683 1351 792 gratia?
1379 686 1495 771 Nam
1512 683 1722 772 mundani
1739 687 2018 790 magistratus

312 831 409 891 rum
427 805 625 891 oratione
650 800 884 908 consequi?
924 800 1063 905 Atqui
1081 798 1140 887 ob
1190 802 1470 906 nequaquam
1482 807 1671 908 possunt
1684 797 2019 886 christianorum

311 919 397 1004 hoc
446 919 592 1026 ipsum
634 917 817 1000 necesse
861 924 929 999 est
973 911 1140 1015 dicere;
1191 911 1495 1000 dem'onstrare
1519 911 1721 1014 virtutes,
1746 911 1851 1017 quin
1873 913 2019 1018 potius

313 1028 671 1139 quandoquidem
696 1027 793 1112 haec
819 1036 889 1112 est
915 1031 1141 1134 praecipua
1189 1026 1442 1150 frequenter
1485 1025 1650 1112 habent
1695 1027 2019 1112 accusationem

311 1142 490 1231 laudum
523 1143 641 1227 illius
678 1167 802 1250 pars,
848 1138 968 1248 quod
1012 1139 1140 1226 factis
1190 1142 1379 1227 malitiae.
1429 1143 1571 1244 Quam
1598 1138 1658 1227 ob
1682 1136 1886 1226 causam?
1914 1145 2019 1248 quo

310 1257 446 1344 verba
456 1254 722 1365 aequiparari
731 1253 1012 1362 nonposint.
1025 1253 1140 1338 Nam
1191 1255 1309 1340 niam
1340 1263 1385 1340 et
1417 1253 1738 1340 sollicitddines
1769 1254 2019 1354 amicorum,

175 1470 179 1479 ,
312 1397 500 1479 quorum
529 1367 760 1454 benefacta
782 1373 983 1453 natuiram
1009 1366 1140 1452 etiam
1191 1378 1236 1452 et
1261 1367 1713 1472 circumcursationes‚
1739 1376 1785 1452 et
1809 1366 2019 1453 adulatio·

312 1491 523 1593 superant
566 1479 815 1586 mortalem,
859 1483 1141 1588 perspicuum
1190 1505 1280 1584 nes,
1305 1481 1479 1588 aliaque
1499 1480 1716 1589 permulta
1734 1478 1804 1566 his
1822 1479 2019 1580 foediora,

312 1608 396 1700 est,
423 1596 545 1703 quod
568 1595 726 1680 horum
747 1591 900 1679 laudes
921 1590 1140 1678 excedunt
1190 1595 1302 1680 tales
1315 1595 1598 1699 magistratus
1617 1595 1762 1681 solent
1777 1593 2020 1681 conciliare.

310 1710 505 1816 linguam
534 1708 781 1794 humanam.
833 1705 967 1791 Haud
994 1715 1141 1792 tamen
1193 1710 1399 1795 Ceterum
1434 1707 1510 1794 ubi
1540 1709 1664 1795 Deus
1699 1733 1782 1794 suo
1812 1705 2019 1812 suffragio

311 1824 370 1911 ob
411 1823 459 1908 id
495 1822 802 1931 aspernabitur
837 1818 1031 1906 officium
1056 1847 1140 1907 no·
1192 1820 1432 1926 designarit
1467 1819 1678 1930 aliquem,
1717 1821 2020 1929 incorreptum

311 1950 466 2041 strum,
499 1934 620 2045 quod
652 1958 734 2044 pro
761 1934 929 2020 viribus
959 1939 1140 2040 praesta·
1192 1935 1459 2040 suffragium,
1477 1933 1665 2020 alionum
1679 1934 1734 2020 ab
1750 1934 1869 2020 omni
1883 1935 2020 2042 suspi-

309 2077 424 2154 mus‚
455 2048 536 2136 sed
568 2075 695 2133 suum
726 2046 967 2134 imitabitur
993 2047 1140 2132 Domi·
1193 2051 1318 2134 cione
1348 2047 1576 2155 judicium,
1609 2044 1871 2135 indubitata
1890 2048 2022 2133 luerit

310 2160 672 2364 {lumninsrstolbidlem
696 2170 740 2360 gt
756 2159 1004 2359 ‘i'ss'eovtiidl'lae
1028 2161 1141 2247 duos
1193 2161 1907 2362 delogtilecomprolratitogtpropter
1931 2163 2021 2268 ejus

309 2300 596 2499 petum?
616 2301 713 2475 ltu
729 2300 918 2474 m
941 2299 1141 2473 tutet
1194 2303 1298 2493 qui.
1318 2301 1648 2476 {terete
1717 2301 1797 2360 em·

311 2502 546 2590 obolorum
582 2499 851 2604 mercedem,
886 2499 966 2587 sed
1000 2500 1140 2587 multo
1418 2556 1467 2635 In
1485 2557 1556 2636 ΠΙ.
1576 2557 1799 2638 Nocturno.

311 2614 823 2838 amlgilldsodggffltlecit,
1194 2683 1347 2770 Lectio
1371 2685 1511 2771 sancti
1528 2682 1756 2788 Evangelii
1779 2682 2022 2768 secondum

619 2845 770 2929 Lectio
791 2873 828 2926 v.
1386 2923 1394 2940 .
1475 2923 1498 2939 ..
1519 2797 1698 2884 Lucam.

394 2955 551 3043 roinde
583 2955 782 3064 quamvis
813 2964 978 3040 nostrae
1009 2954 1140 3040 lacul-
1271 2921 1424 3006 LCCUO
1443 2951 1510 3006 Vll·
1764 2921 1868 3024 Cap.
1883 2921 1942 3002 12.

419 3074 536 3157 tates
568 3074 737 3172 exiguae
770 3065 856 3153 sint
885 3067 1141 3175 minimique
1191 3028 1268 3244 In
1286 3039 1363 3127 illo
1378 3047 1594 3152 tompore:
1610 3043 1736 3129 Dixit
1749 3044 1774 3127 J
1776 3067 1878 3128 esus
1894 3039 2021 3126 disci·

312 3184 462 3292 pretii,
501 3186 714 3284 attamen,
759 3205 859 3285 quae
894 3185 1141 3286 possumus,
1258 3153 1374 3261 pulis
1401 3157 1507 3242 ⁵¹11&
1523 3157 1684 3289 ‚NOIste
1710 3157 1863 3287 fimes?
1889 3153 2021 3284 PUSflj

313 3296 547 3382 offerimus.
599 3295 656 3379 Et
694 3292 799 3378 licet
837 3319 926 3379 non
962 3300 1141 3404 respon·
1191 3265 1260 3351 1¹¹⁸
1295 3292 1423 3373 grex,
1460 3295 1563 3378 qula
1597 3269 1866 3379 complacmt
1901 3267 2022 3370 ,Pam

154 3443 157 3460 ·
313 3410 447 3498 deant
468 3404 759 3514 magnitudini
778 3405 1035 3493 meritorum
1054 3409 1141 3494 sni.
1191 3390 1341 3467 vestro
1366 3380 1472 3492 dare
1494 3381 1623 3468 vobis
1647 3409 1841 3489 regnum.
1881 3381 1940 3467 Et
1957 3381 2020 3462 re·

311 3551 396 3610 mae
437 3521 643 3633 praeclari
684 3523 874 3628 justique
907 3521 1141 3624 Francisci,
1190 3492 1321 3598 liqna·
1474 3617 1483 3637 ·
1698 3617 1707 3636 ·
1838 3617 1847 3636 .
1947 3621 1950 3628 Ι
2062 3452 2068 3575 Ι

311 3650 458 3726 tamen
492 3635 580 3723 hoc
616 3635 762 3745 ipsum
794 3633 1065 3721 celsitudinis
1095 3635 1141 3719 il·
1354 3618 1545 3704 H0mlh'a
1570 3619 1850 3750 SffllOUOPetrl
2061 3578 2067 3851 1

311 3754 395 3839 lius
413 3751 652 3835 maximum
676 3748 808 3836 fuerit
826 3751 1140 3854 argumentum,
1471 3731 1744 3838 Chrysologu

313 3866 434 3976 quod
447 3889 528 3950 nec
542 3862 703 3972 pusilla
715 3861 912 3971 repellat,
929 3862 1009 3948 sed
1024 3862 1141 3948 idem
1444 3858 1770 3929 Exsermoneat.

312 3980 444 4066 faciat
471 3977 592 4085 quod
618 3977 763 4062 solent
790 3974 961 4063 divites.
1003 3976 1140 4081 Siqui·
1201 3996 1279 4101 its)
1295 3975 1456 4085 ra'emia
1482 3980 1734 4061 statuuntur
1755 3973 1809 4058 iis
1834 3998 2020 4082 semper,

314 4089 416 4178 dem
441 4091 520 4192 illi,
547 4114 647 4175 cum
674 4090 926 4196 acceperint
952 4117 978 4176 a
1004 4090 1140 4174 tenui·
1201 4118 1294 4221 ips
1324 4087 1482 4194 quibus
1514 4088 1756 4174 certamina
1783 4085 1893 4172 dura
1919 4112 2019 4196 pro·

313 4205 396 4292 bus
414 4209 587 4310 exigua,
611 4203 769 4313 quibus
788 4229 877 4288 non
895 4214 1039 4308 egent,
1063 4228 1142 4287 sua
1252 4200 1264 4215 ‘
1322 4207 1561 4309 ponuntur:
1584 4226 1637 4288 ac
1658 4225 1744 4310 pro
1760 4198 2019 4305 magnitudi-

270 4323 271 4332 '
313 4318 507 4405 vicissim
533 4321 780 4426 apponunt,
813 4321 1141 4403 remunerantes
1193 4341 1249 4400 ne
1273 4315 1539 4418 certaminis,
1564 4315 1734 4425 praemii
1755 4315 2020 4424 proponitur
2061 4318 2066 4401 i

315 4459 404 4535 eos,
420 4433 505 4540 qui,
525 4430 645 4538 quod
658 4433 875 4539 poterant,
893 4429 1141 4516 obtolerint.
1192 4426 1460 4535 magnitddo.
1499 4429 1615 4515 Hinc
1638 4439 1722 4534 est,
1749 4426 1871 4537 quod
1894 4426 2019 4516 disci·
2061 4406 2067 4623 Ι

313 4546 475 4632 Itidem
493 4543 640 4647 ethic,
664 4569 765 4629 cum
784 4543 1005 4652 acceperit
1023 4569 1048 4626 a
1066 4569 1140 4628 no·
1194 4542 1309 4650 pulis
1336 4543 1427 4628 suis
1455 4541 1653 4630 Christus
1680 4567 1864 4648 regnum
1895 4541 2021 4650 ponit

313 4658 382 4745 bis
409 4657 586 4745 laudem
611 4656 758 4742 verbis
784 4660 1028 4766 peractam,
1085 4681 1142 4740 ua
1193 4657 1237 4739 in
1267 4657 1472 4766 premio,
1502 4658 1626 4743 utin
1661 4657 1901 4744 certamine
1932 4679 2021 4740 non
2061 4646 2067 4739 f

313 4778 593 4879 nequaquam
618 4782 733 4878 eget,
757 4769 992 4858 redonabit
1012 4794 1071 4855 no
1104 4769 1142 4853 is
1194 4767 1353 4856 cedant
1369 4769 1589 4878 periculis,
1607 4796 1696 4856 non
1714 4770 1873 4856 timori.
1903 4769 2019 4854 Peri·

315 4911 395 4992 per
412 4887 511 4995 ipsa
528 4885 644 4970 lacta
661 4884 1029 4982 benedictionem,
1056 4906 1143 4990 qua
1194 4882 1293 4969 cula
1330 4883 1535 4992 despicit,
1577 4884 1652 4991 qui
1687 4883 1830 4972 tendit
1863 4879 1923 4968 ad
1955 4907 2019 4966 re·
2060 4936 2065 4955 ·

316 5024 490 5107 semper
508 4999 573 5085 uti
590 5002 822 5106 possimus.
1193 5020 1341 5101 gnum:
1368 4997 1566 5083 victoriae
1593 4996 1781 5107 cupidus
1806 4997 1949 5082 nescit
1972 4993 2020 5080 ti·

369 5117 418 5218 li.
444 5111 621 5198 Amavit
640 5137 749 5198 eum.
1134 5167 1136 5174 ,
1193 5112 1325 5195 more.
1362 5109 1512 5198 Nolite
1530 5113 1697 5212 timore,
1717 5111 1872 5218 inquit,
1888 5109 2020 5219 pusil-

615 5233 767 5312 Lectio
790 5231 840 5311 vi.
1192 5222 1262 5307 lus
1296 5247 1422 5327 grex:
1457 5225 1560 5331 quia
1595 5225 1865 5334 complacuit
1899 5223 2019 5310 Patri

319 5331 494 5546 Unde
527 5338 660 5442 igitrn
695 5336 992 5425 laudationem
1026 5335 1142 5420 illius
1192 5347 1342 5423 vestro
1370 5337 1475 5423 dare
1501 5338 1630 5426 vobis
1655 5365 1850 5444 regnum.
1903 5339 2020 5426 Grex
2058 5356 2064 5431 l

437 5447 787 5557 suspicabimur?
842 5453 913 5534 An
949 5477 974 5536 a
1009 5449 1141 5554 magi·
1193 5450 1378 5557 pusillus
1400 5451 1582 5552 mundo,
1604 5477 1788 5558 magnus
1806 5453 1922 5540 Deo:
1943 5477 2018 5561 pu·

317 5568 473 5666 strant,
500 5589 630 5669 quem
657 5564 845 5673 Spiritus
870 5564 933 5648 illi
957 5559 1142 5650 tradidit
1193 5561 1335 5666 sillus,
1382 5564 1483 5672 quia
1517 5565 1737 5670 gloriosos
1768 5575 1900 5652 vocat
1933 5589 2019 5664 eos,
