4322 6182
396 563 568 654 Septima
592 565 654 635 die
679 565 779 634 infru
803 564 882 634 Oct.
908 566 1114 636 Commem.
1139 565 1341 637 Passionis
1364 569 1409 636 D.
1433 567 1479 636 N.
1503 567 1536 636 J.
1562 568 1601 639 C.
1786 559 1853 634 41¹·

148 753 238 830 erat
269 743 311 828 ei
344 745 571 851 aspectus,
605 767 688 830 nec
722 745 974 852 speciesum
1024 773 1107 852 res,
1126 775 1278 836 servos
1296 751 1442 836 facere
1461 748 1631 852 fratres,
1651 753 1853 858 captivos

148 857 283 942 forma
300 883 395 965 prae
413 856 515 942 liliis
532 858 773 963 hominum
797 859 878 946 sed
897 886 972 970 op·
1026 861 1292 968 cohaeredes,
1313 861 1486 950 exsules
1503 887 1643 968 reges.

148 969 371 1079 probrium
407 970 633 1058 hominum
669 982 713 1059 ct
748 983 974 1082 tamquam
1080 983 1132 1086 Ii.
1153 977 1249 1081 Ego
1269 977 1460 1064 exaltavi
1477 984 1533 1063 te.
1558 977 1646 1062 30*

147 1084 387 1190 leprosum,
439 1085 728 1170 novissimum
768 1085 973 1192 virerum,
1244 1147 1294 1226 In
1321 1147 1381 1227 HI
1418 1147 1630 1228 Noctumo

146 1195 270 1304 plane
295 1197 439 1282 virum
467 1196 672 1285 dolorum
699 1225 726 1283 a
749 1200 847 1284 Deo
875 1225 971 1309 per·
1077 1276 1086 1294 ,
1141 1274 1150 1292 ,
1329 1272 1339 1295 ,
1562 1274 1587 1293 „

148 1316 321 1396 cassum
339 1321 383 1397 θῖ
399 1310 692 1418 humiliatum3
710 1313 772 1400 ita
788 1325 837 1399 ut
854 1314 974 1399 nulla
1027 1274 1182 1361 Lect¹⁰
1201 1281 1342 1360 ⁸³n⁰t¹
1363 1273 1590 1377 Evangfflfl
1611 1271 1854 1378 secandum

148 1433 259 1510 esset
285 1424 328 1508 ei
353 1425 526 1532 specics
558 1451 704 1531 neque
736 1423 883 1514 decor.
934 1426 972 1512 O
1215 1516 1223 1532 ,
1309 1387 1553 1530 ,hannem

147 1537 428 1622 novissimum
452 1538 798 1625 stultissimum!
838 1539 972 1626 ona·
1103 1513 1255 1649 lecto
1276 1542 1346 1597 vu·
1495 1629 1505 1648 ,
1599 1513 1825 1650 Can-192

147 1649 290 1735 mflem
304 1661 349 1737 et
363 1651 611 1738 sublimem!
630 1651 973 1761 00ppr0bfium
1071 1657 1100 1715 n
1115 1630 1422 1762 illo-tempore:
1436 1629 1587 1715 Sc1ens
1597 1629 1623 1713 J
1624 1655 1737 1735 esus,
1752 1656 1855 1739 qiua

147 1763 368 1849 hominum
396 1775 442 1852 et
469 1766 657 1869 gloriam
682 1767 973 1873 Angelorum!
1088 1749 1234 1831 ‘mla
1247 1749 1549 1876 consummata
1563 1755 1678 1877 ⁸1¹9&
1689 1755 1739 1832 ut
1753 1770 1854 1879 009·

146 1875 283 1963 Nemo
302 1877 380 1963 illo
403 1878 648 1984 sublimior,
673 1906 818 1988 neque
836 1881 971 1969 humi·
1025 1861 1317 1994 flumsslfffffffls
1334 1858 1572 1966 Scnptura,
1591 1855 1716 1944 dffltt
1734 1859 1855 1944 Sst10·

146 1988 234 2074 lior.
260 1991 466 2099 Denique
481 1994 624 2102 sputis
642 1993 777 2081 illitus
797 2006 875 2098 est,
896 2022 972 2104 op·
1025 1969 1082 2056 Εἴ
1099 1971 1279 2078 rehqua.

146 2103 335 2212 prebriis
359 2110 583 2194 saturatus
609 2116 693 2210 cst,
718 2119 862 2196 morte
885 2121 972 2195 tur·
1067 2109 1258 2197 Homilia
1276 2113 1416 2196 sancti
1434 2110 1586 2218 Cyrilli
1602 2109 1816 2220 Episcopi

145 2218 323 2324 pissima
337 2218 656 2307 condemnatus
669 2230 747 2325 est
766 2249 866 2308 cum
880 2249 970 2310 sce·
1293 2222 1592 2311 Alexandrini.

145 2331 290 2418 ieratis
315 2331 553 2441 deputatus
577 2345 654 2421 est.
687 2334 865 2424 Nihilne
883 2364 967 2424 mc·
1025 2351 1405 2422 Comensinlonnn.
1418 2349 1502 2420 Lib.
1517 2350 1566 2420 12.
1586 2371 1668 2440 cap.
1684 2351 1736 2421 35.
1751 2359 1788 2420 et
1799 2351 1851 2422 36.

146 2444 308 2531 rebitur
317 2446 388 2532 vel
401 2447 486 2534 ista
498 2447 731 2552 humilitas,
747 2475 847 2558 quae
856 2450 973 2537 hunc
1069 2464 1092 2561 g,
1143 2478 1218 2536 um
1240 2450 1511 2537 truculenter
1534 2450 1682 2536 emnia
1706 2450 1856 2558 impie·

145 2557 274 2646 habet
308 2560 507 2667 modum;
537 2561 627 2649 imo
660 2587 760 2670 quae
787 2573 879 2650 tam
905 2575 973 2652 est
1102 2560 1119 2627 s
1160 2569 1253 2652 tate
1282 2562 1541 2649 Judaeorum
1576 2573 1724 2650 errent
1758 2588 1855 2673 per·

145 2671 254 2761 ultra
275 2673 484 2760 modum?
524 2673 648 2763 Sicut
671 2686 741 2763 est
762 2679 973 2785 patientia
1033 2682 1052 2719 ¹
1159 2685 1276 2779 acta,
1297 2701 1381 2764 nec
1406 2677 1648 2784 quidquam
1665 2676 1723 2763 ad
1741 2703 1855 2762 sum·
1999 2689 2002 2696 ’

145 2787 389 2890 singularis,
421 2790 485 2875 sic
517 2803 561 2877 et
586 2789 809 2876 humilitas
837 2791 971 2878 admi·
1023 2819 1141 2878 mam
1154 2790 1462 2878 crudelitatem
1477 2789 1663 2892 deesset,
1677 2789 1857 2876 tandem

145 2899 513 3009 rabilis31'1traque
532 2903 863 3014 sineexemplo
1025 2907 1302 2991 sanctissima
1331 2928 1436 2989 caro
1465 2901 1627 2988 Christi
1656 2903 1857 2990 naturale

192 3023 243 3126 lb.
268 3015 367 3119 Ego
387 3014 503 3100 duxi.
529 3016 612 3100 29*
1025 3019 1132 3126 quid
1147 3019 1325 3127 patitur.
1350 3018 1502 3103 Multis
1521 3018 1636 3103 enim
1655 3043 1708 3104 ac
1725 3017 1856 3102 variis

441 3135 594 3219 Lectio
616 3138 670 3218 vi.
1025 3131 1253 3218 doloribus
1272 3132 1505 3234 exsiccata,
1524 3131 1597 3216 siti
1613 3134 1857 3238 torquetur.

229 3247 436 3351 namque
457 3251 604 3330 tamen
622 3243 854 3348 magnifice
873 3270 971 3330 cau·
1024 3244 1211 3330 Multum
1235 3246 1352 3330 enim
1376 3252 1566 3352 possunt
1594 3242 1773 3330 dolores
1797 3244 1856 3331 ad

255 3379 306 3440 sa
328 3357 426 3463 ipsa
450 3356 745 3460 commendat,
769 3357 972 3443 nimirum
1025 3358 1390 3445 commovendam
1404 3357 1538 3462 sitim;
1555 3359 1723 3444 inaturn
1741 3357 1857 3443 enim

145 3468 301 3556 caritas
327 3478 405 3555 θεῖ.
445 3467 635 3577 Propter
655 3471 834 3554 nimiam
858 3471 973 3556 enim
1026 3473 1219 3559 calorem
1244 3473 1534 3576 exagitantes,
1555 3471 1643 3572 vel,
1667 3469 1788 3580 quod
1810 3470 1855 3554 in

145 3583 370 3668 caritatem
403 3607 548 3683 suam,
584 3607 673 3689 qua
705 3583 859 3670 dilexit
889 3610 972 3670 nos
1024 3584 1323 3694 profunditate
1346 3583 1574 3672 humidum
1593 3594 1676 3686 est,
1701 3590 1855 3669 consui·

145 3693 282 3798 Deus,
315 3704 364 3782 ut
394 3720 572 3782 servum
603 3695 858 3798 redimeret,
890 3724 973 3785 nec
1024 3709 1149 3785 munt
1174 3710 1218 3787 et
1240 3698 1379 3804 igneis
1403 3697 1635 3784 ardaribus
1655 3696 1857 3785 dolentes

147 3808 273 3895 Pater
287 3809 412 3908 Filio,
430 3835 513 3895 nec
530 3808 615 3895 sibi
627 3809 764 3895 Filius
782 3812 879 3918 ipse
897 3837 971 3920 ρθ-
1024 3818 1197 3900 viscera
1215 3820 1357 3897 urumt.
1395 3811 1518 3897 Sicut
1534 3811 1667 3916 igitur
1685 3814 1856 3897 ceteras

147 3924 294 4030 percit.
335 3923 454 4009 Vere
475 3925 668 4029 nimiam,
695 3925 797 4031 quia
815 3934 859 4010 ct
877 3923 973 4011 haec
1027 3927 1274 4034 passiones,
1304 3925 1368 4010 sic
1395 3924 1509 4010 hanc
1536 3923 1669 4011 etiam
1695 3935 1856 4032 sponte

146 4043 395 4123 mensuram
419 4035 609 4138 excedit,
636 4037 819 4124 modum
846 4045 972 4148 sirpe·
1026 4040 1226 4126 Christus
1242 4042 1482 4147 perpessus
1497 4046 1578 4125 est.
1603 4036 1766 4124 Bibere
1779 4037 1855 4142 igi·

148 4159 221 4252 rat,
242 4151 377 4258 plane
399 4152 729 4260 supereminens
746 4152 973 4237 universis.
1025 4163 1097 4240 tur
1114 4155 1242 4260 petit:
1264 4152 1328 4238 illi
1350 4162 1498 4238 autem
1517 4151 1631 4238 adeo
1648 4152 1780 4256 longe
1799 4151 1855 4237 ab

148 4261 372 4370 Maiorem,
399 4265 559 4373 inquit,
587 4265 815 4351 caritatem
843 4290 972 4352 nemo
1027 4267 1147 4354 omni
1171 4267 1442 4353 humanitate
1470 4265 1669 4366 aberant,
1698 4275 1748 4352 ut
1773 4289 1856 4372 pro

148 4375 291 4480 habet,
319 4403 450 4484 quam
468 4391 519 4465 ut
537 4379 727 4463 animam
749 4405 875 4464 suam
896 4404 973 4486 po·
1025 4383 1202 4488 juvante
1232 4388 1346 4487 potu
1380 4389 1513 4485 atquc
1549 4378 1741 4487 jucundo
1780 4404 1856 4464 no·

149 4500 219 4576 nat
236 4492 337 4599 quis
353 4517 438 4601 pro
457 4491 609 4576 amicis
627 4492 728 4576 suis.
754 4492 826 4577 Tu
841 4494 973 4600 majo·
1026 4497 1199 4579 centem
1231 4502 1276 4578 et
1300 4491 1510 4578 acerbum
1537 4493 1780 4592 attulerint,
1811 4501 1857 4578 et

150 4629 236 4690 rem
247 4603 453 4705 habuisti,
469 4605 670 4705 deine,
688 4631 859 4714 ponens
878 4631 973 4691 eam
1025 4605 1353 4708 humanitatem,
1371 4631 1458 4712 qua
1471 4604 1641 4691 moveri
1649 4603 1855 4690 videban-

151 4719 276 4806 etiam
297 4744 381 4828 pro
403 4718 602 4804 inimicis.
637 4718 748 4804 Cum
766 4719 882 4805 enim
900 4719 972 4805 ad·
1025 4730 1118 4823 tur,
1161 4721 1207 4804 in
1241 4720 1515 4829 impietatem
1549 4717 1856 4804 converterint

151 4829 229 4916 huc
251 4832 413 4918 inimici
440 4836 654 4936 essemus,
681 4859 762 4942 per
785 4843 974 4920 mortem
1026 4834 1141 4919 Nam
1161 4860 1296 4941 quum
1313 4833 1481 4942 petenti
1499 4830 1678 4932 dabant,
1701 4829 1853 4915 carita-

151 4951 329 5033 tuamet
350 4945 433 5032 tibi
455 4945 729 5033 reconciliati
753 4972 905 5033 sumus
930 4957 975 5033 et
1026 4949 1083 5034 tis
1110 4946 1307 5034 habiturn
1331 4951 1556 5054 srrscipcre
1582 4944 1856 5031 videbantur.

151 5055 278 5145 Patri
322 5060 538 5163 Quaenam
564 5085 669 5165 ergo
698 5060 784 5146 alia
808 5061 973 5148 videbi·
1025 5060 1115 5148 Sed
1133 5085 1220 5146 non
1239 5074 1306 5147 cst
1324 5060 1536 5170 possibile
1553 5058 1728 5145 mentiri
1743 5059 1855 5144 Scri-

152 5181 354 5275 iurasse,
380 5173 452 5260 vel
477 5173 629 5276 irrisae,
656 5174 728 5260 vel
754 5174 850 5260 fore
872 5174 976 5261 huic
1025 5183 1220 5285 pturam,
1248 5176 1293 5259 in
1320 5200 1407 5281 qua
1432 5200 1488 5261 ex
1514 5178 1706 5281 persona
1735 5171 1855 5260 Chri·

152 5286 299 5372 similis
318 5285 513 5374 caritati?
540 5288 628 5374 Vix
642 5313 725 5396 pro
740 5289 855 5394 justo
876 5289 975 5394 quis
1026 5290 1083 5376 sti
1110 5285 1287 5375 dicitur:
1313 5289 1372 5374 Et
1398 5286 1614 5373 dederunt
1639 5287 1683 5369 in
1709 5309 1856 5372 escam

152 5401 340 5487 moritum.
365 5401 436 5486 Tu
449 5426 531 5508 pro
550 5402 721 5507 injastis
739 5427 896 5510 passus
915 5428 974 5504 es,
1026 5426 1171 5488 meam
1197 5401 1272 5503 fel,
1305 5413 1350 5489 ct
1375 5402 1420 5486 in
1447 5398 1521 5485 siti
1546 5425 1646 5485 mea
1676 5401 1855 5506 potave-

152 5515 336 5600 meriens
349 5524 534 5623 propter
548 5513 710 5601 delicta
721 5525 885 5617 nostra,
901 5516 975 5622 qui
1026 5525 1129 5602 runt
1145 5539 1217 5600 mc
1235 5517 1375 5601 aceto.

153 5627 305 5713 venisti
334 5627 568 5736 justificare
599 5628 737 5736 gratis
768 5633 974 5738 peccate·
1078 5632 1130 5736 li.
1154 5629 1251 5732 Ego
1270 5638 1315 5715 te
1332 5627 1496 5735 potavi.
1522 5627 1609 5712 30*

249 5915 339 5983 stop.
348 5917 476 5984 uaporis
490 5917 521 5970 x.
531 5917 665 5970 memus
