<?xml version="1.0" encoding="UTF-8"?>
<!DOCTYPE html PUBLIC "-//W3C//DTD XHTML 1.0 Transitional//EN"
    "http://www.w3.org/TR/xhtml1/DTD/xhtml1-transitional.dtd">
<html xmlns="http://www.w3.org/1999/xhtml" xml:lang="en" lang="en">
 <head>
  <title>
</title>
<meta http-equiv="Content-Type" content="text/html;charset=utf-8" />
  <meta name='ocr-system' content='tesseract 3.04.00' />
  <meta name='ocr-capabilities' content='ocr_page ocr_carea ocr_par ocr_line ocrx_word'/>
</head>
<body>
  <div class='ocr_page' id='page_1' title='image "./officiaproprias01churgoog_0215.png"; bbox 0 0 4346 6176; ppageno 0'>
   <div class='ocr_carea' id='block_1_1' title="bbox 962 503 1396 590">
    <p class='ocr_par' dir='ltr' id='par_1_1' title="bbox 962 503 1396 590">
     <span class='ocr_line' id='line_1_1' title="bbox 962 503 1396 590; baseline 0.009 -19"><span class='ocrx_word' id='word_1_1' title='bbox 962 503 1078 574; x_wconf 87' lang='lat' dir='ltr'><strong>Festa</strong></span> <span class='ocrx_word' id='word_1_2' title='bbox 1101 503 1218 574; x_wconf 83' lang='lat' dir='ltr'><strong>Junii.</strong></span> <span class='ocrx_word' id='word_1_3' title='bbox 1244 504 1307 584; x_wconf 83' lang='lat'><strong>(21.</strong></span> <span class='ocrx_word' id='word_1_4' title='bbox 1331 505 1396 590; x_wconf 83' lang='lat'>22.)</span> 
     </span>
    </p>
   </div>
   <div class='ocr_carea' id='block_1_2' title="bbox 319 693 2024 1721">
    <p class='ocr_par' dir='ltr' id='par_1_2' title="bbox 319 693 2024 1486">
     <span class='ocr_line' id='line_1_2' title="bbox 319 693 2024 806; baseline 0.001 -25"><span class='ocrx_word' id='word_1_5' title='bbox 319 694 470 785; x_wconf 83' lang='lat' dir='ltr'><strong>verse?</strong></span> <span class='ocrx_word' id='word_1_6' title='bbox 512 695 629 802; x_wconf 89' lang='lat' dir='ltr'><strong>Quid</strong></span> <span class='ocrx_word' id='word_1_7' title='bbox 651 705 735 796; x_wconf 91' lang='lat' dir='ltr'><strong>est,</strong></span> <span class='ocrx_word' id='word_1_8' title='bbox 762 693 848 780; x_wconf 91' lang='lat' dir='ltr'><strong>sint</strong></span> <span class='ocrx_word' id='word_1_9' title='bbox 870 695 1060 780; x_wconf 86' lang='lat' dir='ltr'><strong>lucemae</strong></span> <span class='ocrx_word' id='word_1_10' title='bbox 1081 717 1146 776; x_wconf 90' lang='lat' dir='ltr'><strong>ar·-</strong></span> <span class='ocrx_word' id='word_1_11' title='bbox 1197 701 1268 778; x_wconf 92' lang='lat' dir='ltr'><strong>tus</strong></span> <span class='ocrx_word' id='word_1_12' title='bbox 1286 693 1490 781; x_wconf 84' lang='lat' dir='ltr'><strong>omnibus</strong></span> <span class='ocrx_word' id='word_1_13' title='bbox 1507 696 1711 784; x_wconf 87' lang='lat' dir='ltr'><strong>maluerit</strong></span> <span class='ocrx_word' id='word_1_14' title='bbox 1725 697 1874 802; x_wconf 88' lang='lat' dir='ltr'><strong>videri,</strong></span> <span class='ocrx_word' id='word_1_15' title='bbox 1894 723 2024 806; x_wconf 89' lang='lat' dir='ltr'><strong>quam</strong></span> 
     </span>
     <span class='ocr_line' id='line_1_3' title="bbox 319 805 2023 917; baseline 0.001 -20"><span class='ocrx_word' id='word_1_16' title='bbox 319 811 484 910; x_wconf 90' lang='lat' dir='ltr'><strong>dentes,</strong></span> <span class='ocrx_word' id='word_1_17' title='bbox 502 810 586 896; x_wconf 90' lang='lat' dir='ltr'><strong>nisi</strong></span> <span class='ocrx_word' id='word_1_18' title='bbox 604 808 760 895; x_wconf 88' lang='lat' dir='ltr'><strong>discite</strong></span> <span class='ocrx_word' id='word_1_19' title='bbox 777 805 1061 894; x_wconf 82' lang='lat' dir='ltr'><strong>benefacere?</strong></span> <span class='ocrx_word' id='word_1_20' title='bbox 1196 806 1380 914; x_wconf 78' lang='lat' dir='ltr'><strong>praesul:</strong></span> <span class='ocrx_word' id='word_1_21' title='bbox 1415 833 1503 894; x_wconf 93' lang='lat' dir='ltr'><strong>non</strong></span> <span class='ocrx_word' id='word_1_22' title='bbox 1539 809 1626 895; x_wconf 77' lang='lat' dir='ltr'><strong>alio</strong></span> <span class='ocrx_word' id='word_1_23' title='bbox 1661 835 1793 917; x_wconf 87' lang='lat' dir='ltr'><strong>quam</strong></span> <span class='ocrx_word' id='word_1_24' title='bbox 1822 809 1935 898; x_wconf 88' lang='lat' dir='ltr'><strong>Justi</strong></span> <span class='ocrx_word' id='word_1_25' title='bbox 1974 839 2023 898; x_wconf 92' lang='lat' dir='ltr'><strong>ac</strong></span> 
     </span>
     <span class='ocr_line' id='line_1_4' title="bbox 372 919 2022 1038; baseline 0.007 -40"><span class='ocrx_word' id='word_1_26' title='bbox 372 935 422 1038; x_wconf 57' lang='lat' dir='ltr'><strong>ip,</strong></span> <span class='ocrx_word' id='word_1_27' title='bbox 446 932 542 1018; x_wconf 72' lang='lat' dir='ltr'><strong>sint</strong></span> <span class='ocrx_word' id='word_1_28' title='bbox 559 931 707 1019; x_wconf 78' lang='lat' dir='ltr'><strong>lumbi,</strong></span> <span class='ocrx_word' id='word_1_29' title='bbox 1196 919 1345 1004; x_wconf 84' lang='lat' dir='ltr'><strong>Sancti</strong></span> <span class='ocrx_word' id='word_1_30' title='bbox 1366 921 1541 1008; x_wconf 83' lang='lat' dir='ltr'><strong>nemine</strong></span> <span class='ocrx_word' id='word_1_31' title='bbox 1564 927 1855 1031; x_wconf 80' lang='lat' dir='ltr'><strong>nuncupetus.</strong></span> <span class='ocrx_word' id='word_1_32' title='bbox 1895 924 2022 1030; x_wconf 79' lang='lat' dir='ltr'><strong>Cuius</strong></span> 
     </span>
     <span class='ocr_line' id='line_1_5' title="bbox 370 1034 2022 1184; baseline -0.002 -49"><span class='ocrx_word' id='word_1_33' title='bbox 370 1065 502 1136; x_wconf 75' lang='lat' dir='ltr'><strong>necao</strong></span> <span class='ocrx_word' id='word_1_34' title='bbox 519 1065 569 1136; x_wconf 72' lang='lat' dir='ltr'><strong>lx.</strong></span> <span class='ocrx_word' id='word_1_35' title='bbox 595 1065 642 1136; x_wconf 78' lang='lat' dir='ltr'><strong>de</strong></span> <span class='ocrx_word' id='word_1_36' title='bbox 660 1065 694 1137; x_wconf 81' lang='lat' dir='ltr'><strong>s</strong></span> <span class='ocrx_word' id='word_1_37' title='bbox 717 1065 894 1152; x_wconf 69' lang='lat' dir='ltr'><strong>sineno,</strong></span> <span class='ocrx_word' id='word_1_38' title='bbox 917 1071 958 1134; x_wconf 75' lang='lat' dir='ltr'><strong>ut</strong></span> <span class='ocrx_word' id='word_1_39' title='bbox 979 1063 1146 1184; x_wconf 59' lang='lat' dir='ltr'><strong>Q·</strong></span> <span class='ocrx_word' id='word_1_40' title='bbox 1197 1035 1433 1164; x_wconf 81' lang='lat' dir='ltr'><strong>propterea</strong></span> <span class='ocrx_word' id='word_1_41' title='bbox 1468 1034 1741 1171; x_wconf 72' lang='lat' dir='ltr'><strong>intemeratae</strong></span> <span class='ocrx_word' id='word_1_42' title='bbox 1776 1035 1888 1134; x_wconf 81' lang='lat' dir='ltr'><strong>fidei.</strong></span> <span class='ocrx_word' id='word_1_43' title='bbox 1912 1037 2022 1169; x_wconf 69' lang='lat' dir='ltr'><strong>hiea-</strong></span> 
     </span>
     <span class='ocr_line' id='line_1_6' title="bbox 539 1143 2023 1347; baseline 0.001 -3"><span class='ocrx_word' id='word_1_44' title='bbox 539 1183 887 1322; x_wconf 55' lang='lat' dir='ltr'><strong>&#39;nimime</strong></span> <span class='ocrx_word' id='word_1_45' title='bbox 1196 1143 2023 1347; x_wconf 53' lang='lat' dir='ltr'><strong>ttle&#39;tilthlllhiilttttt</strong></span> 
     </span>
     <span class='ocr_line' id='line_1_7' title="bbox 319 1363 2022 1486; baseline -0.008 -15"><span class='ocrx_word' id='word_1_46' title='bbox 319 1389 362 1471; x_wconf 82' lang='lat' dir='ltr'><strong>S.</strong></span> <span class='ocrx_word' id='word_1_47' title='bbox 380 1382 577 1486; x_wconf 81' lang='lat' dir='ltr'><strong>Aloysii</strong></span> <span class='ocrx_word' id='word_1_48' title='bbox 602 1363 850 1482; x_wconf 72' lang='lat' dir='ltr'><strong>oonzegae</strong></span> <span class='ocrx_word' id='word_1_49' title='bbox 871 1379 1146 1462; x_wconf 88' lang='lat' dir='ltr'><strong>Confessoris</strong></span> <span class='ocrx_word' id='word_1_50' title='bbox 1197 1367 1309 1469; x_wconf 91' lang='lat' dir='ltr'><strong>dem,</strong></span> <span class='ocrx_word' id='word_1_51' title='bbox 1334 1369 1548 1458; x_wconf 83' lang='lat' dir='ltr'><strong>doctrinis</strong></span> <span class='ocrx_word' id='word_1_52' title='bbox 1566 1371 1861 1476; x_wconf 85' lang='lat' dir='ltr'><strong>imbuendum,</strong></span> <span class='ocrx_word' id='word_1_53' title='bbox 1880 1386 1926 1461; x_wconf 90' lang='lat' dir='ltr'><strong>et</strong></span> <span class='ocrx_word' id='word_1_54' title='bbox 1943 1376 2022 1482; x_wconf 89' lang='lat' dir='ltr'><strong>piis</strong></span> 
     </span>
    </p>

    <p class='ocr_par' dir='ltr' id='par_1_3' title="bbox 536 1481 1601 1608">
     <span class='ocr_line' id='line_1_8' title="bbox 536 1481 1601 1608; baseline -0.012 -22"><span class='ocrx_word' id='word_1_55' title='bbox 536 1513 578 1586; x_wconf 88' lang='lat' dir='ltr'><strong>et</strong></span> <span class='ocrx_word' id='word_1_56' title='bbox 594 1503 775 1586; x_wconf 84' lang='lat' dir='ltr'><strong>Patroni</strong></span> <span class='ocrx_word' id='word_1_57' title='bbox 792 1503 931 1608; x_wconf 85' lang='lat' dir='ltr'><strong>Neap.</strong></span> <span class='ocrx_word' id='word_1_58' title='bbox 1195 1481 1601 1571; x_wconf 67' lang='lat' dir='ltr'><strong>mdribuwddidit</strong></span> 
     </span>
    </p>

    <p class='ocr_par' dir='ltr' id='par_1_4' title="bbox 578 1605 1651 1721">
     <span class='ocr_line' id='line_1_9' title="bbox 578 1605 1651 1721; baseline -0.01 -18"><span class='ocrx_word' id='word_1_59' title='bbox 578 1634 734 1721; x_wconf 80' lang='lat' dir='ltr'>Duplex</span> <span class='ocrx_word' id='word_1_60' title='bbox 749 1634 884 1718; x_wconf 78' lang='lat' dir='ltr'><strong>mains.</strong></span> <span class='ocrx_word' id='word_1_61' title='bbox 1079 1635 1083 1640; x_wconf 85' lang='grc'><strong>’</strong></span> <span class='ocrx_word' id='word_1_62' title='bbox 1253 1609 1304 1713; x_wconf 71' lang='lat' dir='ltr'><strong>Re.</strong></span> <span class='ocrx_word' id='word_1_63' title='bbox 1325 1605 1479 1690; x_wconf 69' lang='lat' dir='ltr'><strong>Inveni</strong></span> <span class='ocrx_word' id='word_1_64' title='bbox 1494 1606 1651 1692; x_wconf 79' lang='lat' dir='ltr'><strong>David.</strong></span> 
     </span>
    </p>
   </div>
   <div class='ocr_carea' id='block_1_3' title="bbox 370 1751 1720 1840">
    <p class='ocr_par' dir='ltr' id='par_1_5' title="bbox 370 1751 1720 1840">
     <span class='ocr_line' id='line_1_10' title="bbox 370 1751 1720 1840; baseline -0.01 -13"><span class='ocrx_word' id='word_1_65' title='bbox 370 1757 508 1828; x_wconf 85' lang='lat' dir='ltr'><strong>Omnia</strong></span> <span class='ocrx_word' id='word_1_66' title='bbox 541 1764 583 1827; x_wconf 90' lang='lat' dir='ltr'><strong>ut</strong></span> <span class='ocrx_word' id='word_1_67' title='bbox 614 1757 655 1826; x_wconf 90' lang='lat' dir='ltr'><strong>in</strong></span> <span class='ocrx_word' id='word_1_68' title='bbox 687 1755 905 1840; x_wconf 76' lang='lat' dir='ltr'><strong>Breviarm,</strong></span> <span class='ocrx_word' id='word_1_69' title='bbox 942 1753 1011 1822; x_wconf 86' lang='lat' dir='ltr'><strong>sed</strong></span> <span class='ocrx_word' id='word_1_70' title='bbox 1042 1751 1144 1821; x_wconf 87' lang='lat' dir='ltr'><strong>Lect.</strong></span> <span class='ocrx_word' id='word_1_71' title='bbox 1507 1757 1660 1840; x_wconf 64' lang='lat' dir='ltr'><strong>Lectio</strong></span> <span class='ocrx_word' id='word_1_72' title='bbox 1683 1787 1720 1840; x_wconf 71' lang='lat' dir='ltr'><strong>V.</strong></span> 
     </span>
    </p>
   </div>
   <div class='ocr_carea' id='block_1_4' title="bbox 317 1851 2022 2084">
    <p class='ocr_par' dir='ltr' id='par_1_6' title="bbox 317 1851 2022 2084">
     <span class='ocr_line' id='line_1_11' title="bbox 317 1851 2022 2084; baseline -0.009 -104"><span class='ocrx_word' id='word_1_73' title='bbox 317 1851 1144 1980; x_wconf 70' lang='lat' dir='ltr'>Q</span> <span class='ocrx_word' id='word_1_74' title='bbox 1200 1869 1327 2084; x_wconf 79' lang='lat' dir='ltr'><strong>Tot</strong></span> <span class='ocrx_word' id='word_1_75' title='bbox 1351 1879 1574 1983; x_wconf 85' lang='lat' dir='ltr'><strong>tantisque</strong></span> <span class='ocrx_word' id='word_1_76' title='bbox 1600 1875 1731 1961; x_wconf 81' lang='lat' dir='ltr'><strong>animi</strong></span> <span class='ocrx_word' id='word_1_77' title='bbox 1754 1875 1934 1965; x_wconf 84' lang='lat' dir='ltr'><strong>detibus</strong></span> <span class='ocrx_word' id='word_1_78' title='bbox 1961 1907 2022 1964; x_wconf 91' lang='lat' dir='ltr'><strong>sa·</strong></span> 
     </span>
    </p>
   </div>
   <div class='ocr_carea' id='block_1_5' title="bbox 281 1987 2025 3774">
    <p class='ocr_par' dir='ltr' id='par_1_7' title="bbox 281 1987 2025 3774">
     <span class='ocr_line' id='line_1_12' title="bbox 574 1987 2023 2192; baseline 0.008 -11"><span class='ocrx_word' id='word_1_79' title='bbox 574 2019 659 2106; x_wconf 66' lang='lat' dir='ltr'><strong>nn</strong></span> <span class='ocrx_word' id='word_1_80' title='bbox 676 2020 742 2106; x_wconf 83' lang='lat'><strong>²²·</strong></span> <span class='ocrx_word' id='word_1_81' title='bbox 760 2015 887 2102; x_wconf 52' lang='grc' dir='ltr'><strong>ΜΗ·</strong></span> <span class='ocrx_word' id='word_1_82' title='bbox 1197 1987 2023 2192; x_wconf 55' lang='lat' dir='ltr'><strong>rectilinhililimhllldiiiiqli</strong></span> 
     </span>
     <span class='ocr_line' id='line_1_13' title="bbox 317 2130 2023 2355; baseline 0.005 -58"><span class='ocrx_word' id='word_1_83' title='bbox 317 2163 361 2247; x_wconf 66' lang='lat' dir='ltr'><strong>S·</strong></span> <span class='ocrx_word' id='word_1_84' title='bbox 383 2161 595 2246; x_wconf 59' lang='lat' dir='ltr'><strong>mmm</strong></span> <span class='ocrx_word' id='word_1_85' title='bbox 617 2158 760 2355; x_wconf 59' lang='lat' dir='ltr'><strong>Essfficl&#39;</strong></span> <span class='ocrx_word' id='word_1_86' title='bbox 788 2156 926 2260; x_wconf 62' lang='lat' dir='ltr'>Neap‘</span> <span class='ocrx_word' id='word_1_87' title='bbox 955 2166 997 2238; x_wconf 54' lang='lat' dir='ltr'><strong>et</strong></span> <span class='ocrx_word' id='word_1_88' title='bbox 1023 2153 1145 2238; x_wconf 69' lang='lat' dir='ltr'><strong>Gonf&#39;</strong></span> <span class='ocrx_word' id='word_1_89' title='bbox 1197 2216 1470 2323; x_wconf 88' lang='lat' dir='ltr'><strong>conscripsit.</strong></span> <span class='ocrx_word' id='word_1_90' title='bbox 1512 2130 1747 2304; x_wconf 61' lang='lat' dir='ltr'><strong>Civitdtem</strong></span> <span class='ocrx_word' id='word_1_91' title='bbox 1774 2170 1801 2303; x_wconf 71' lang='lat' dir='ltr'><strong>a</strong></span> <span class='ocrx_word' id='word_1_92' title='bbox 1825 2132 2023 2307; x_wconf 60' lang='lat' dir='ltr'><strong>sarrdce-</strong></span> 
     </span>
     <span class='ocr_line' id='line_1_14' title="bbox 356 2305 2023 2476; baseline 0.006 -68"><span class='ocrx_word' id='word_1_93' title='bbox 356 2427 358 2430; x_wconf 21' lang='lat'>·</span> <span class='ocrx_word' id='word_1_94' title='bbox 471 2409 492 2447; x_wconf 32' lang='grc' dir='ltr'><strong>,Ι</strong></span> <span class='ocrx_word' id='word_1_95' title='bbox 690 2307 741 2374; x_wconf 67' lang='lat' dir='ltr'><strong>up</strong></span> <span class='ocrx_word' id='word_1_96' title='bbox 761 2305 834 2422; x_wconf 33' lang='lat' dir='ltr'><strong>er·</strong></span> <span class='ocrx_word' id='word_1_97' title='bbox 934 2405 979 2476; x_wconf 79' lang='lat' dir='ltr'><strong>nt</strong></span> <span class='ocrx_word' id='word_1_98' title='bbox 1195 2328 1264 2412; x_wconf 93' lang='lat' dir='ltr'><strong>nis</strong></span> <span class='ocrx_word' id='word_1_99' title='bbox 1282 2338 1399 2414; x_wconf 90' lang='lat' dir='ltr'><strong>terra</strong></span> <span class='ocrx_word' id='word_1_100' title='bbox 1420 2334 1618 2437; x_wconf 87' lang='lat' dir='ltr'><strong>marique</strong></span> <span class='ocrx_word' id='word_1_101' title='bbox 1638 2328 1866 2416; x_wconf 91' lang='lat' dir='ltr'><strong>obsessam</strong></span> <span class='ocrx_word' id='word_1_102' title='bbox 1889 2337 2023 2441; x_wconf 86' lang='lat' dir='ltr'><strong>opere</strong></span> 
     </span>
     <span class='ocr_line' id='line_1_15' title="bbox 365 2406 2022 2551; baseline 0.005 -30"><span class='ocrx_word' id='word_1_103' title='bbox 365 2409 504 2549; x_wconf 66' lang='lat' dir='ltr'><strong>omnm</strong></span> <span class='ocrx_word' id='word_1_104' title='bbox 546 2409 593 2478; x_wconf 78' lang='lat' dir='ltr'><strong>de</strong></span> <span class='ocrx_word' id='word_1_105' title='bbox 634 2409 838 2544; x_wconf 60' lang='lat' dir='ltr'><strong>communi</strong></span> <span class='ocrx_word' id='word_1_106' title='bbox 876 2406 932 2477; x_wconf 84' lang='lat' dir='ltr'><strong>Co</strong></span> <span class='ocrx_word' id='word_1_107' title='bbox 978 2463 985 2475; x_wconf 92' lang='lat'>·</span> <span class='ocrx_word' id='word_1_108' title='bbox 1023 2406 1144 2493; x_wconf 76' lang='lat' dir='ltr'><strong>Pone,</strong></span> <span class='ocrx_word' id='word_1_109' title='bbox 1196 2451 1242 2527; x_wconf 88' lang='lat' dir='ltr'><strong>et</strong></span> <span class='ocrx_word' id='word_1_110' title='bbox 1268 2441 1452 2528; x_wconf 90' lang='lat' dir='ltr'><strong>consilio</strong></span> <span class='ocrx_word' id='word_1_111' title='bbox 1479 2443 1602 2548; x_wconf 88' lang='lat' dir='ltr'><strong>juvit,</strong></span> <span class='ocrx_word' id='word_1_112' title='bbox 1633 2447 1762 2551; x_wconf 91' lang='lat' dir='ltr'><strong>eique</strong></span> <span class='ocrx_word' id='word_1_113' title='bbox 1789 2470 1816 2529; x_wconf 92' lang='lat' dir='ltr'><strong>a</strong></span> <span class='ocrx_word' id='word_1_114' title='bbox 1841 2443 2022 2531; x_wconf 79' lang='lat' dir='ltr'><strong>Sicerdo</strong></span> 
     </span>
     <span class='ocr_line' id='line_1_16' title="bbox 315 2503 2025 2667; baseline 0.002 -92"><span class='ocrx_word' id='word_1_115' title='bbox 315 2517 457 2596; x_wconf 72' lang='lat' dir='ltr'><strong>prater</strong></span> <span class='ocrx_word' id='word_1_116' title='bbox 480 2515 692 2595; x_wconf 77' lang='lat' dir='ltr'><strong>sequentia.</strong></span> <span class='ocrx_word' id='word_1_117' title='bbox 716 2504 777 2592; x_wconf 80' lang='lat' dir='ltr'><strong>(m.</strong></span> <span class='ocrx_word' id='word_1_118' title='bbox 799 2511 826 2574; x_wconf 92' lang='lat' dir='ltr'><strong>t.</strong></span> <span class='ocrx_word' id='word_1_119' title='bbox 848 2503 898 2590; x_wconf 86' lang='lat' dir='ltr'><strong>v.)</strong></span> <span class='ocrx_word' id='word_1_120' title='bbox 1195 2552 1591 2659; x_wconf 54' lang='lat' dir='ltr'>Longobardbmm</span> <span class='ocrx_word' id='word_1_121' title='bbox 1634 2559 1834 2667; x_wconf 57' lang='lat' dir='ltr'><strong>principe</strong></span> <span class='ocrx_word' id='word_1_122' title='bbox 1869 2584 2025 2667; x_wconf 66' lang='lat' dir='ltr'><strong>pacem</strong></span> 
     </span>
     <span class='ocr_line' id='line_1_17' title="bbox 648 2645 2025 2781; baseline 0.005 -31"><span class='ocrx_word' id='word_1_123' title='bbox 648 2645 813 2730; x_wconf 73' lang='lat' dir='ltr'><strong>Osflfi⁰=</strong></span> <span class='ocrx_word' id='word_1_124' title='bbox 1196 2665 1396 2753; x_wconf 87' lang='lat' dir='ltr'><strong>obtinuit.</strong></span> <span class='ocrx_word' id='word_1_125' title='bbox 1419 2669 1659 2755; x_wconf 77' lang='lat' dir='ltr'><strong>hienimum</strong></span> <span class='ocrx_word' id='word_1_126' title='bbox 1671 2671 1885 2781; x_wconf 86' lang='lat' dir='ltr'><strong>templum</strong></span> <span class='ocrx_word' id='word_1_127' title='bbox 1899 2697 2025 2759; x_wconf 90' lang='lat' dir='ltr'><strong>sacra</strong></span> 
     </span>
     <span class='ocr_line' id='line_1_18' title="bbox 404 2767 2022 2891; baseline 0.009 -33"><span class='ocrx_word' id='word_1_128' title='bbox 404 2802 494 2880; x_wconf 89' lang='lat' dir='ltr'><strong>eus,</strong></span> <span class='ocrx_word' id='word_1_129' title='bbox 515 2776 590 2883; x_wconf 93' lang='lat' dir='ltr'><strong>qui</strong></span> <span class='ocrx_word' id='word_1_130' title='bbox 607 2772 787 2860; x_wconf 78' lang='lat' dir='ltr'><strong>beatum</strong></span> <span class='ocrx_word' id='word_1_131' title='bbox 805 2769 832 2855; x_wconf 89' lang='lat' dir='ltr'>J</span> <span class='ocrx_word' id='word_1_132' title='bbox 833 2773 1020 2856; x_wconf 71' lang='lat' dir='ltr'><strong>odonem</strong></span> <span class='ocrx_word' id='word_1_133' title='bbox 1033 2767 1144 2856; x_wconf 88' lang='lat' dir='ltr'><strong>Con·</strong></span> <span class='ocrx_word' id='word_1_134' title='bbox 1195 2781 1457 2889; x_wconf 66' lang='lat' dir='ltr'><strong>supellectili</strong></span> <span class='ocrx_word' id='word_1_135' title='bbox 1480 2789 1628 2884; x_wconf 88' lang='lat' dir='ltr'><strong>aurea,</strong></span> <span class='ocrx_word' id='word_1_136' title='bbox 1655 2795 1699 2870; x_wconf 91' lang='lat' dir='ltr'><strong>et</strong></span> <span class='ocrx_word' id='word_1_137' title='bbox 1722 2789 1932 2891; x_wconf 86' lang='lat' dir='ltr'><strong>argentea</strong></span> <span class='ocrx_word' id='word_1_138' title='bbox 1950 2786 2022 2872; x_wconf 94' lang='lat' dir='ltr'><strong>do·</strong></span> 
     </span>
     <span class='ocr_line' id='line_1_19' title="bbox 439 2883 2023 3002; baseline 0.007 -29"><span class='ocrx_word' id='word_1_139' title='bbox 439 2889 653 2974; x_wconf 83' lang='lat' dir='ltr'><strong>iesserem</strong></span> <span class='ocrx_word' id='word_1_140' title='bbox 696 2896 830 2994; x_wconf 90' lang='lat' dir='ltr'><strong>atque</strong></span> <span class='ocrx_word' id='word_1_141' title='bbox 873 2883 1145 2986; x_wconf 90' lang='lat' dir='ltr'><strong>Pontificem,</strong></span> <span class='ocrx_word' id='word_1_142' title='bbox 1194 2894 1332 2997; x_wconf 81' lang='lat' dir='ltr'><strong>navit3</strong></span> <span class='ocrx_word' id='word_1_143' title='bbox 1355 2906 1489 3002; x_wconf 92' lang='lat' dir='ltr'><strong>atque</strong></span> <span class='ocrx_word' id='word_1_144' title='bbox 1512 2897 1557 2981; x_wconf 94' lang='lat' dir='ltr'><strong>in</strong></span> <span class='ocrx_word' id='word_1_145' title='bbox 1579 2897 1671 2982; x_wconf 89' lang='lat' dir='ltr'><strong>vita</strong></span> <span class='ocrx_word' id='word_1_146' title='bbox 1694 2897 1871 2984; x_wconf 83' lang='lat' dir='ltr'><strong>iunctos</strong></span> <span class='ocrx_word' id='word_1_147' title='bbox 1892 2901 2023 2986; x_wconf 89' lang='lat' dir='ltr'><strong>etiam</strong></span> 
     </span>
     <span class='ocr_line' id='line_1_20' title="bbox 314 2996 2022 3115; baseline 0.004 -26"><span class='ocrx_word' id='word_1_148' title='bbox 314 3003 482 3089; x_wconf 88' lang='lat' dir='ltr'><strong>meritis</strong></span> <span class='ocrx_word' id='word_1_149' title='bbox 520 3007 725 3086; x_wconf 89' lang='lat' dir='ltr'><strong>onustum</strong></span> <span class='ocrx_word' id='word_1_150' title='bbox 770 2997 829 3084; x_wconf 91' lang='lat' dir='ltr'><strong>ad</strong></span> <span class='ocrx_word' id='word_1_151' title='bbox 864 2996 1045 3083; x_wconf 86' lang='lat' dir='ltr'><strong>coeleste</strong></span> <span class='ocrx_word' id='word_1_152' title='bbox 1081 3022 1144 3081; x_wconf 92' lang='lat' dir='ltr'><strong>re·</strong></span> <span class='ocrx_word' id='word_1_153' title='bbox 1193 3005 1310 3115; x_wconf 92' lang='lat' dir='ltr'><strong>pius,</strong></span> <span class='ocrx_word' id='word_1_154' title='bbox 1342 3007 1628 3095; x_wconf 84' lang='lat' dir='ltr'><strong>decessorum</strong></span> <span class='ocrx_word' id='word_1_155' title='bbox 1659 3013 1903 3099; x_wconf 84' lang='lat' dir='ltr'><strong>antistitum</strong></span> <span class='ocrx_word' id='word_1_156' title='bbox 1933 3039 2022 3100; x_wconf 90' lang='lat' dir='ltr'><strong>cor·</strong></span> 
     </span>
     <span class='ocr_line' id='line_1_21' title="bbox 314 3109 2023 3231; baseline 0.007 -31"><span class='ocrx_word' id='word_1_157' title='bbox 314 3143 448 3222; x_wconf 86' lang='lat' dir='ltr'><strong>gnum</strong></span> <span class='ocrx_word' id='word_1_158' title='bbox 472 3115 590 3203; x_wconf 78' lang='lat' dir='ltr'><strong>beati</strong></span> <span class='ocrx_word' id='word_1_159' title='bbox 611 3112 783 3198; x_wconf 83' lang='lat' dir='ltr'><strong>Paulini</strong></span> <span class='ocrx_word' id='word_1_160' title='bbox 803 3109 988 3198; x_wconf 79' lang='lat' dir='ltr'><strong>vecibus</strong></span> <span class='ocrx_word' id='word_1_161' title='bbox 1011 3109 1144 3195; x_wconf 85' lang='lat' dir='ltr'><strong>advo·</strong></span> <span class='ocrx_word' id='word_1_162' title='bbox 1193 3119 1376 3227; x_wconf 83' lang='lat' dir='ltr'><strong>peribus</strong></span> <span class='ocrx_word' id='word_1_163' title='bbox 1411 3123 1456 3206; x_wconf 92' lang='lat' dir='ltr'><strong>in</strong></span> <span class='ocrx_word' id='word_1_164' title='bbox 1491 3123 1763 3231; x_wconf 87' lang='lat' dir='ltr'><strong>Stephaniae,</strong></span> <span class='ocrx_word' id='word_1_165' title='bbox 1797 3123 2023 3212; x_wconf 89' lang='lat' dir='ltr'><strong>basilicam</strong></span> 
     </span>
     <span class='ocr_line' id='line_1_22' title="bbox 316 3222 2023 3346; baseline 0.004 -29"><span class='ocrx_word' id='word_1_166' title='bbox 316 3231 441 3318; x_wconf 80' lang='lat' dir='ltr'><strong>cesti:</strong></span> <span class='ocrx_word' id='word_1_167' title='bbox 462 3238 643 3338; x_wconf 81' lang='lat' dir='ltr'><strong>praesta3</strong></span> <span class='ocrx_word' id='word_1_168' title='bbox 666 3236 716 3311; x_wconf 93' lang='lat' dir='ltr'><strong>ut</strong></span> <span class='ocrx_word' id='word_1_169' title='bbox 735 3225 931 3332; x_wconf 87' lang='lat' dir='ltr'><strong>ejusdem</strong></span> <span class='ocrx_word' id='word_1_170' title='bbox 947 3222 1143 3309; x_wconf 79' lang='lat' dir='ltr'><strong>natalitia</strong></span> <span class='ocrx_word' id='word_1_171' title='bbox 1193 3235 1435 3338; x_wconf 76' lang='lat' dir='ltr'><strong>translatis,</strong></span> <span class='ocrx_word' id='word_1_172' title='bbox 1472 3245 1517 3321; x_wconf 90' lang='lat' dir='ltr'><strong>et</strong></span> <span class='ocrx_word' id='word_1_173' title='bbox 1550 3241 1836 3323; x_wconf 89' lang='lat' dir='ltr'><strong>monumenta</strong></span> <span class='ocrx_word' id='word_1_174' title='bbox 1863 3241 2023 3346; x_wconf 86' lang='lat' dir='ltr'><strong>posuit,</strong></span> 
     </span>
     <span class='ocr_line' id='line_1_23' title="bbox 281 3335 2022 3460; baseline 0.005 -32"><span class='ocrx_word' id='word_1_175' title='bbox 281 3438 283 3448; x_wconf 45' lang='grc'>,</span> <span class='ocrx_word' id='word_1_176' title='bbox 314 3344 526 3444; x_wconf 81' lang='lat' dir='ltr'><strong>venerati,</strong></span> <span class='ocrx_word' id='word_1_177' title='bbox 557 3351 602 3427; x_wconf 88' lang='lat' dir='ltr'><strong>et</strong></span> <span class='ocrx_word' id='word_1_178' title='bbox 633 3348 756 3426; x_wconf 90' lang='lat' dir='ltr'><strong>recta</strong></span> <span class='ocrx_word' id='word_1_179' title='bbox 784 3337 972 3441; x_wconf 85' lang='lat' dir='ltr'><strong>vestigia</strong></span> <span class='ocrx_word' id='word_1_180' title='bbox 1003 3335 1145 3422; x_wconf 89' lang='lat' dir='ltr'><strong>secuti</strong></span> <span class='ocrx_word' id='word_1_181' title='bbox 1194 3356 1238 3431; x_wconf 88' lang='lat' dir='ltr'><strong>et</strong></span> <span class='ocrx_word' id='word_1_182' title='bbox 1259 3347 1471 3452; x_wconf 79' lang='lat' dir='ltr'><strong>imagines</strong></span> <span class='ocrx_word' id='word_1_183' title='bbox 1491 3347 1792 3458; x_wconf 74' lang='lat' dir='ltr'><strong>sepulchrales</strong></span> <span class='ocrx_word' id='word_1_184' title='bbox 1811 3353 2022 3460; x_wconf 82' lang='lat' dir='ltr'><strong>appinxit.</strong></span> 
     </span>
     <span class='ocr_line' id='line_1_24' title="bbox 315 3451 2022 3573; baseline 0.005 -31"><span class='ocrx_word' id='word_1_185' title='bbox 315 3455 372 3545; x_wconf 92' lang='lat' dir='ltr'><strong>ad</strong></span> <span class='ocrx_word' id='word_1_186' title='bbox 403 3460 580 3542; x_wconf 85' lang='lat' dir='ltr'><strong>aeternae</strong></span> <span class='ocrx_word' id='word_1_187' title='bbox 606 3453 711 3540; x_wconf 76' lang='lat' dir='ltr'><strong>vitae</strong></span> <span class='ocrx_word' id='word_1_188' title='bbox 737 3456 905 3562; x_wconf 80' lang='lat' dir='ltr'><strong>pescua</strong></span> <span class='ocrx_word' id='word_1_189' title='bbox 931 3451 1143 3560; x_wconf 83' lang='lat' dir='ltr'><strong>perduca·</strong></span> <span class='ocrx_word' id='word_1_190' title='bbox 1192 3458 1282 3546; x_wconf 91' lang='lat' dir='ltr'><strong>Tot</strong></span> <span class='ocrx_word' id='word_1_191' title='bbox 1313 3460 1503 3570; x_wconf 91' lang='lat' dir='ltr'><strong>denique</strong></span> <span class='ocrx_word' id='word_1_192' title='bbox 1528 3462 1767 3549; x_wconf 87' lang='lat' dir='ltr'><strong>virtutibus</strong></span> <span class='ocrx_word' id='word_1_193' title='bbox 1798 3471 2022 3573; x_wconf 86' lang='lat' dir='ltr'><strong>gestisque</strong></span> 
     </span>
     <span class='ocr_line' id='line_1_25' title="bbox 312 3568 2021 3680; baseline 0.005 -25"><span class='ocrx_word' id='word_1_194' title='bbox 312 3596 421 3655; x_wconf 92' lang='lat' dir='ltr'><strong>mur.</strong></span> <span class='ocrx_word' id='word_1_195' title='bbox 448 3569 532 3654; x_wconf 91' lang='lat' dir='ltr'><strong>Per</strong></span> <span class='ocrx_word' id='word_1_196' title='bbox 550 3568 800 3653; x_wconf 83' lang='lat' dir='ltr'><strong>Dominum.</strong></span> <span class='ocrx_word' id='word_1_197' title='bbox 1190 3572 1451 3680; x_wconf 81' lang='lat' dir='ltr'><strong>praeclaram</strong></span> <span class='ocrx_word' id='word_1_198' title='bbox 1469 3577 1607 3663; x_wconf 89' lang='lat' dir='ltr'><strong>vitam</strong></span> <span class='ocrx_word' id='word_1_199' title='bbox 1625 3576 1749 3664; x_wconf 83' lang='lat' dir='ltr'><strong>ubitu</strong></span> <span class='ocrx_word' id='word_1_200' title='bbox 1766 3577 2021 3664; x_wconf 89' lang='lat' dir='ltr'><strong>beatissimo</strong></span> 
     </span>
     <span class='ocr_line' id='line_1_26' title="bbox 367 3689 1454 3774; baseline 0.003 -4"><span class='ocrx_word' id='word_1_201' title='bbox 367 3701 411 3770; x_wconf 91' lang='lat' dir='ltr'><strong>In</strong></span> <span class='ocrx_word' id='word_1_202' title='bbox 439 3701 466 3770; x_wconf 85' lang='grc' dir='ltr'><strong>Ι.</strong></span> <span class='ocrx_word' id='word_1_203' title='bbox 495 3699 695 3771; x_wconf 89' lang='lat' dir='ltr'><strong>Nocturno</strong></span> <span class='ocrx_word' id='word_1_204' title='bbox 726 3698 930 3768; x_wconf 86' lang='lat' dir='ltr'><strong>Lectiones</strong></span> <span class='ocrx_word' id='word_1_205' title='bbox 964 3696 1012 3767; x_wconf 89' lang='lat' dir='ltr'><strong>dc</strong></span> <span class='ocrx_word' id='word_1_206' title='bbox 1042 3696 1140 3768; x_wconf 87' lang='lat' dir='ltr'><strong>Scri·</strong></span> <span class='ocrx_word' id='word_1_207' title='bbox 1190 3689 1454 3774; x_wconf 71' lang='lat' dir='ltr'><strong>terminavit.</strong></span> 
     </span>
    </p>
   </div>
   <div class='ocr_carea' id='block_1_6' title="bbox 312 3805 1753 4045">
    <p class='ocr_par' dir='ltr' id='par_1_8' title="bbox 312 3805 1753 4045">
     <span class='ocr_line' id='line_1_27' title="bbox 312 3805 1753 3922; baseline 0.005 -53"><span class='ocrx_word' id='word_1_208' title='bbox 312 3807 426 3888; x_wconf 88' lang='lat' dir='ltr'><strong>ptura</strong></span> <span class='ocrx_word' id='word_1_209' title='bbox 451 3805 684 3870; x_wconf 87' lang='lat' dir='ltr'><strong>occurrente.</strong></span> <span class='ocrx_word' id='word_1_210' title='bbox 1247 3814 1298 3918; x_wconf 65' lang='lat' dir='ltr'><strong>R,</strong></span> <span class='ocrx_word' id='word_1_211' title='bbox 1319 3810 1456 3898; x_wconf 55' lang='lat' dir='ltr'><strong>Posui</strong></span> <span class='ocrx_word' id='word_1_212' title='bbox 1475 3811 1753 3922; x_wconf 58' lang='lat' dir='ltr'><strong>adjutorium,</strong></span> 
     </span>
     <span class='ocr_line' id='line_1_28' title="bbox 403 3953 1723 4045; baseline 0.01 -12"><span class='ocrx_word' id='word_1_213' title='bbox 403 3988 406 4006; x_wconf 89' lang='lat'><strong>·</strong></span> <span class='ocrx_word' id='word_1_214' title='bbox 544 3955 594 4034; x_wconf 92' lang='lat' dir='ltr'><strong>In</strong></span> <span class='ocrx_word' id='word_1_215' title='bbox 612 3953 662 4032; x_wconf 88' lang='lat' dir='ltr'><strong>H.</strong></span> <span class='ocrx_word' id='word_1_216' title='bbox 682 3953 906 4034; x_wconf 88' lang='lat' dir='ltr'><strong>Nocturno.</strong></span> <span class='ocrx_word' id='word_1_217' title='bbox 1496 3961 1650 4045; x_wconf 91' lang='lat' dir='ltr'><strong>Lectio</strong></span> <span class='ocrx_word' id='word_1_218' title='bbox 1671 3961 1723 4045; x_wconf 88' lang='lat' dir='ltr'><strong>vi.</strong></span> 
     </span>
    </p>
   </div>
   <div class='ocr_carea' id='block_1_7' title="bbox 309 4083 2021 5004">
    <p class='ocr_par' dir='ltr' id='par_1_9' title="bbox 309 4083 2021 5004">
     <span class='ocr_line' id='line_1_29' title="bbox 613 4083 2021 4298; baseline 0.005 -117"><span class='ocrx_word' id='word_1_219' title='bbox 613 4091 766 4175; x_wconf 80' lang='lat' dir='ltr'><strong>Lectio</strong></span> <span class='ocrx_word' id='word_1_220' title='bbox 785 4091 839 4172; x_wconf 76' lang='lat' dir='ltr'><strong>iv.</strong></span> <span class='ocrx_word' id='word_1_221' title='bbox 1194 4083 1953 4298; x_wconf 81' lang='lat' dir='ltr'><strong>Dignusnamqueinmortefirit,</strong></span> <span class='ocrx_word' id='word_1_222' title='bbox 1976 4110 2021 4188; x_wconf 87' lang='lat' dir='ltr'><strong>ut</strong></span> 
     </span>
     <span class='ocr_line' id='line_1_30' title="bbox 423 4211 1142 4322; baseline 0.004 -30.663"><span class='ocrx_word' id='word_1_223' title='bbox 423 4218 589 4300; x_wconf 82' lang='lat' dir='ltr'><strong>oannes</strong></span> <span class='ocrx_word' id='word_1_224' title='bbox 606 4211 927 4322; x_wconf 63' lang='lat' dir='ltr'><strong>Neapolitanus</strong></span> <span class='ocrx_word' id='word_1_225' title='bbox 951 4237 1040 4297; x_wconf 91' lang='lat' dir='ltr'><strong>non</strong></span> <span class='ocrx_word' id='word_1_226' title='bbox 1058 4212 1142 4295; x_wconf 88' lang='lat' dir='ltr'><strong>vir·</strong></span> 
     </span>
     <span class='ocr_line' id='line_1_31' title="bbox 328 4314 2020 4453; baseline 0.001 -40"><span class='ocrx_word' id='word_1_227' title='bbox 328 4314 412 4453; x_wconf 40' lang='lat' dir='ltr'><strong>{Mi</strong></span> <span class='ocrx_word' id='word_1_228' title='bbox 439 4327 607 4413; x_wconf 87' lang='lat' dir='ltr'><strong>tutibus</strong></span> <span class='ocrx_word' id='word_1_229' title='bbox 633 4326 793 4425; x_wconf 89' lang='lat' dir='ltr'><strong>minus,</strong></span> <span class='ocrx_word' id='word_1_230' title='bbox 821 4349 954 4432; x_wconf 91' lang='lat' dir='ltr'><strong>quam</strong></span> <span class='ocrx_word' id='word_1_231' title='bbox 981 4323 1141 4411; x_wconf 92' lang='lat' dir='ltr'><strong>doctri·</strong></span> <span class='ocrx_word' id='word_1_232' title='bbox 1192 4325 1354 4411; x_wconf 85' lang='lat' dir='ltr'><strong>Christi</strong></span> <span class='ocrx_word' id='word_1_233' title='bbox 1380 4351 1553 4412; x_wconf 86' lang='lat' dir='ltr'><strong>coenam</strong></span> <span class='ocrx_word' id='word_1_234' title='bbox 1580 4327 1817 4431; x_wconf 74' lang='lat' dir='ltr'><strong>antecedit,</strong></span> <span class='ocrx_word' id='word_1_235' title='bbox 1843 4327 2020 4414; x_wconf 80' lang='lat' dir='ltr'><strong>beatum</strong></span> 
     </span>
     <span class='ocr_line' id='line_1_32' title="bbox 396 4437 2019 4543; baseline 0.001 -17.959"><span class='ocrx_word' id='word_1_236' title='bbox 396 4441 507 4525; x_wconf 91' lang='lat' dir='ltr'><strong>nis</strong></span> <span class='ocrx_word' id='word_1_237' title='bbox 520 4437 733 4542; x_wconf 88' lang='lat' dir='ltr'><strong>excultus,</strong></span> <span class='ocrx_word' id='word_1_238' title='bbox 746 4438 1001 4542; x_wconf 84' lang='lat' dir='ltr'><strong>aGregorio</strong></span> <span class='ocrx_word' id='word_1_239' title='bbox 1015 4462 1141 4543; x_wconf 89' lang='lat' dir='ltr'><strong>quar·</strong></span> <span class='ocrx_word' id='word_1_240' title='bbox 1191 4437 1422 4524; x_wconf 91' lang='lat' dir='ltr'><strong>Paulinum</strong></span> <span class='ocrx_word' id='word_1_241' title='bbox 1452 4439 1675 4527; x_wconf 85' lang='lat' dir='ltr'><strong>Nolanum</strong></span> <span class='ocrx_word' id='word_1_242' title='bbox 1708 4441 1949 4528; x_wconf 87' lang='lat' dir='ltr'><strong>antistitem</strong></span> <span class='ocrx_word' id='word_1_243' title='bbox 1978 4441 2019 4526; x_wconf 93' lang='lat' dir='ltr'><strong>in</strong></span> 
     </span>
     <span class='ocr_line' id='line_1_33' title="bbox 310 4551 2018 4663; baseline -0.001 -22"><span class='ocrx_word' id='word_1_244' title='bbox 310 4566 358 4641; x_wconf 90' lang='lat' dir='ltr'><strong>to</strong></span> <span class='ocrx_word' id='word_1_245' title='bbox 377 4552 593 4640; x_wconf 91' lang='lat' dir='ltr'><strong>Pontlfice</strong></span> <span class='ocrx_word' id='word_1_246' title='bbox 614 4555 809 4640; x_wconf 82' lang='lat' dir='ltr'><strong>maximo</strong></span> <span class='ocrx_word' id='word_1_247' title='bbox 834 4551 939 4638; x_wconf 92' lang='lat' dir='ltr'><strong>cleri</strong></span> <span class='ocrx_word' id='word_1_248' title='bbox 965 4551 1140 4638; x_wconf 85' lang='lat' dir='ltr'><strong>electio·</strong></span> <span class='ocrx_word' id='word_1_249' title='bbox 1192 4553 1358 4638; x_wconf 78' lang='lat' dir='ltr'><strong>romnis</strong></span> <span class='ocrx_word' id='word_1_250' title='bbox 1377 4553 1576 4639; x_wconf 73' lang='lat' dir='ltr'><strong>oblutum</strong></span> <span class='ocrx_word' id='word_1_251' title='bbox 1593 4560 1880 4663; x_wconf 84' lang='lat' dir='ltr'><strong>prospiceret,</strong></span> <span class='ocrx_word' id='word_1_252' title='bbox 1899 4565 1944 4641; x_wconf 93' lang='lat' dir='ltr'><strong>et</strong></span> <span class='ocrx_word' id='word_1_253' title='bbox 1961 4555 2018 4639; x_wconf 94' lang='lat' dir='ltr'><strong>in·</strong></span> 
     </span>
     <span class='ocr_line' id='line_1_34' title="bbox 310 4665 2018 4777; baseline 0.001 -25"><span class='ocrx_word' id='word_1_254' title='bbox 310 4669 365 4772; x_wconf 91' lang='lat' dir='ltr'><strong>ni,</strong></span> <span class='ocrx_word' id='word_1_255' title='bbox 384 4666 679 4777; x_wconf 83' lang='lat' dir='ltr'><strong>precibusque</strong></span> <span class='ocrx_word' id='word_1_256' title='bbox 693 4666 849 4776; x_wconf 86' lang='lat' dir='ltr'><strong>populi</strong></span> <span class='ocrx_word' id='word_1_257' title='bbox 864 4665 1140 4769; x_wconf 79' lang='lat' dir='ltr'><strong>suffragante,</strong></span> <span class='ocrx_word' id='word_1_258' title='bbox 1191 4665 1405 4753; x_wconf 78' lang='lat' dir='ltr'><strong>vitantem</strong></span> <span class='ocrx_word' id='word_1_259' title='bbox 1429 4666 1486 4752; x_wconf 91' lang='lat' dir='ltr'><strong>ad</strong></span> <span class='ocrx_word' id='word_1_260' title='bbox 1513 4667 1675 4753; x_wconf 89' lang='lat' dir='ltr'><strong>coelum</strong></span> <span class='ocrx_word' id='word_1_261' title='bbox 1702 4671 1860 4755; x_wconf 85' lang='lat' dir='ltr'><strong>sereno</strong></span> <span class='ocrx_word' id='word_1_262' title='bbox 1886 4667 2018 4768; x_wconf 84' lang='lat' dir='ltr'><strong>vultu,</strong></span> 
     </span>
     <span class='ocr_line' id='line_1_35' title="bbox 310 4779 2017 4892; baseline -0.004 -24"><span class='ocrx_word' id='word_1_263' title='bbox 310 4782 467 4892; x_wconf 82' lang='lat' dir='ltr'><strong>patriae</strong></span> <span class='ocrx_word' id='word_1_264' title='bbox 485 4781 725 4867; x_wconf 81' lang='lat' dir='ltr'><strong>instituitur</strong></span> <span class='ocrx_word' id='word_1_265' title='bbox 743 4785 937 4867; x_wconf 87' lang='lat' dir='ltr'><strong>antistes.</strong></span> <span class='ocrx_word' id='word_1_266' title='bbox 966 4779 1079 4864; x_wconf 89' lang='lat' dir='ltr'><strong>Mira</strong></span> <span class='ocrx_word' id='word_1_267' title='bbox 1095 4779 1140 4863; x_wconf 96' lang='lat' dir='ltr'><strong>in</strong></span> <span class='ocrx_word' id='word_1_268' title='bbox 1192 4789 1237 4865; x_wconf 91' lang='lat' dir='ltr'><strong>et</strong></span> <span class='ocrx_word' id='word_1_269' title='bbox 1256 4780 1525 4865; x_wconf 87' lang='lat' dir='ltr'><strong>suavissimis</strong></span> <span class='ocrx_word' id='word_1_270' title='bbox 1547 4779 1614 4864; x_wconf 86' lang='lat' dir='ltr'><strong>his</strong></span> <span class='ocrx_word' id='word_1_271' title='bbox 1633 4782 1818 4867; x_wconf 81' lang='lat' dir='ltr'><strong>vecibus</strong></span> <span class='ocrx_word' id='word_1_272' title='bbox 1835 4781 2017 4868; x_wconf 88' lang='lat' dir='ltr'><strong>audiret:</strong></span> 
     </span>
     <span class='ocr_line' id='line_1_36' title="bbox 309 4891 2015 5004; baseline -0.001 -23"><span class='ocrx_word' id='word_1_273' title='bbox 309 4903 547 5004; x_wconf 83' lang='lat' dir='ltr'><strong>pauperes,</strong></span> <span class='ocrx_word' id='word_1_274' title='bbox 572 4895 619 4980; x_wconf 94' lang='lat' dir='ltr'><strong>in</strong></span> <span class='ocrx_word' id='word_1_275' title='bbox 646 4898 920 4980; x_wconf 84' lang='lat' dir='ltr'><strong>aerumnosos</strong></span> <span class='ocrx_word' id='word_1_276' title='bbox 946 4893 1141 5002; x_wconf 76' lang='lat' dir='ltr'><strong>caritete,</strong></span> <span class='ocrx_word' id='word_1_277' title='bbox 1191 4892 1217 4976; x_wconf 86' lang='lat' dir='ltr'>J</span> <span class='ocrx_word' id='word_1_278' title='bbox 1219 4896 1383 4978; x_wconf 79' lang='lat' dir='ltr'><strong>oannes</strong></span> <span class='ocrx_word' id='word_1_279' title='bbox 1401 4892 1547 4998; x_wconf 86' lang='lat' dir='ltr'><strong>frater,</strong></span> <span class='ocrx_word' id='word_1_280' title='bbox 1567 4893 1673 5002; x_wconf 90' lang='lat' dir='ltr'><strong>quid</strong></span> <span class='ocrx_word' id='word_1_281' title='bbox 1691 4893 1763 4980; x_wconf 90' lang='lat' dir='ltr'><strong>hic</strong></span> <span class='ocrx_word' id='word_1_282' title='bbox 1782 4891 1901 5000; x_wconf 81' lang='lat' dir='ltr'><strong>agis?</strong></span> <span class='ocrx_word' id='word_1_283' title='bbox 1936 4895 2015 4980; x_wconf 89' lang='lat' dir='ltr'><strong>Ex·</strong></span> 
     </span>
    </p>
   </div>
   <div class='ocr_carea' id='block_1_8' title="bbox 1308 4212 2141 4325">
    <p class='ocr_par' dir='ltr' id='par_1_10' title="bbox 1308 4212 2141 4325">
     <span class='ocr_line' id='line_1_37' title="bbox 1308 4212 2141 4325; baseline 0.002 -27"><span class='ocrx_word' id='word_1_284' title='bbox 1308 4212 1465 4300; x_wconf 80' lang='lat' dir='ltr'><strong>eadem</strong></span> <span class='ocrx_word' id='word_1_285' title='bbox 1481 4225 1628 4317; x_wconf 91' lang='lat' dir='ltr'><strong>nocte,</strong></span> <span class='ocrx_word' id='word_1_286' title='bbox 1653 4241 1754 4322; x_wconf 85' lang='lat' dir='ltr'><strong>quae</strong></span> <span class='ocrx_word' id='word_1_287' title='bbox 1772 4218 2020 4325; x_wconf 77' lang='lat' dir='ltr'><strong>supremam</strong></span> <span class='ocrx_word' id='word_1_288' title='bbox 2140 4265 2141 4280; x_wconf 41' lang='grc' dir='ltr'>ι</span> 
     </span>
    </p>
   </div>
   <div class='ocr_carea' id='block_1_9' title="bbox 311 5004 2139 5112">
    <p class='ocr_par' dir='ltr' id='par_1_11' title="bbox 311 5004 2139 5112">
     <span class='ocr_line' id='line_1_38' title="bbox 311 5004 2139 5112; baseline -0.002 -17"><span class='ocrx_word' id='word_1_289' title='bbox 311 5011 505 5095; x_wconf 84' lang='lat' dir='ltr'><strong>omnium</strong></span> <span class='ocrx_word' id='word_1_290' title='bbox 523 5009 642 5094; x_wconf 95' lang='lat' dir='ltr'><strong>bono</strong></span> <span class='ocrx_word' id='word_1_291' title='bbox 660 5018 799 5109; x_wconf 90' lang='lat' dir='ltr'><strong>natus,</strong></span> <span class='ocrx_word' id='word_1_292' title='bbox 822 5005 996 5093; x_wconf 81' lang='lat' dir='ltr'><strong>exarsit</strong></span> <span class='ocrx_word' id='word_1_293' title='bbox 1034 5004 1139 5092; x_wconf 91' lang='lat' dir='ltr'><strong>Nul-</strong></span> <span class='ocrx_word' id='word_1_294' title='bbox 1193 5005 1316 5091; x_wconf 84' lang='lat' dir='ltr'><strong>solve</strong></span> <span class='ocrx_word' id='word_1_295' title='bbox 1333 5007 1417 5112; x_wconf 91' lang='lat' dir='ltr'><strong>jam</strong></span> <span class='ocrx_word' id='word_1_296' title='bbox 1437 5009 1620 5110; x_wconf 85' lang='lat' dir='ltr'><strong>vincula,</strong></span> <span class='ocrx_word' id='word_1_297' title='bbox 1643 5017 1687 5095; x_wconf 92' lang='lat' dir='ltr'><strong>et</strong></span> <span class='ocrx_word' id='word_1_298' title='bbox 1704 5007 1763 5093; x_wconf 90' lang='lat' dir='ltr'><strong>ad</strong></span> <span class='ocrx_word' id='word_1_299' title='bbox 1780 5033 1864 5094; x_wconf 90' lang='lat' dir='ltr'><strong>nos</strong></span> <span class='ocrx_word' id='word_1_300' title='bbox 1882 5007 2016 5094; x_wconf 84' lang='lat' dir='ltr'><strong>evola.</strong></span> <span class='ocrx_word' id='word_1_301' title='bbox 2138 5013 2139 5077; x_wconf 78' lang='lat' dir='ltr'><strong>l</strong></span> 
     </span>
    </p>
   </div>
   <div class='ocr_carea' id='block_1_10' title="bbox 310 5119 2016 5344">
    <p class='ocr_par' dir='ltr' id='par_1_12' title="bbox 310 5119 2016 5344">
     <span class='ocr_line' id='line_1_39' title="bbox 310 5119 2016 5229; baseline -0.001 -22"><span class='ocrx_word' id='word_1_302' title='bbox 310 5123 394 5207; x_wconf 86' lang='lat' dir='ltr'><strong>lius</strong></span> <span class='ocrx_word' id='word_1_303' title='bbox 411 5121 639 5222; x_wconf 86' lang='lat' dir='ltr'><strong>maleficia,</strong></span> <span class='ocrx_word' id='word_1_304' title='bbox 655 5121 740 5206; x_wconf 89' lang='lat' dir='ltr'><strong>nisi</strong></span> <span class='ocrx_word' id='word_1_305' title='bbox 758 5119 984 5207; x_wconf 83' lang='lat' dir='ltr'><strong>beneficiis</strong></span> <span class='ocrx_word' id='word_1_306' title='bbox 1003 5119 1140 5206; x_wconf 89' lang='lat' dir='ltr'><strong>vindi·</strong></span> <span class='ocrx_word' id='word_1_307' title='bbox 1192 5119 1258 5205; x_wconf 92' lang='lat' dir='ltr'><strong>Eo</strong></span> <span class='ocrx_word' id='word_1_308' title='bbox 1303 5125 1546 5229; x_wconf 90' lang='lat' dir='ltr'><strong>conspectu</strong></span> <span class='ocrx_word' id='word_1_309' title='bbox 1580 5134 1625 5208; x_wconf 92' lang='lat' dir='ltr'><strong>et</strong></span> <span class='ocrx_word' id='word_1_310' title='bbox 1660 5121 1925 5208; x_wconf 85' lang='lat' dir='ltr'><strong>allocutiene</strong></span> <span class='ocrx_word' id='word_1_311' title='bbox 1959 5123 2016 5206; x_wconf 92' lang='lat' dir='ltr'><strong>in·</strong></span> 
     </span>
     <span class='ocr_line' id='line_1_40' title="bbox 311 5232 2016 5344; baseline -0.002 -22"><span class='ocrx_word' id='word_1_312' title='bbox 311 5237 443 5340; x_wconf 79' lang='lat' dir='ltr'><strong>cevit3</strong></span> <span class='ocrx_word' id='word_1_313' title='bbox 460 5260 604 5344; x_wconf 90' lang='lat' dir='ltr'><strong>neque</strong></span> <span class='ocrx_word' id='word_1_314' title='bbox 622 5235 668 5320; x_wconf 96' lang='lat' dir='ltr'><strong>in</strong></span> <span class='ocrx_word' id='word_1_315' title='bbox 681 5233 926 5340; x_wconf 85' lang='lat' dir='ltr'><strong>flagitiosos</strong></span> <span class='ocrx_word' id='word_1_316' title='bbox 938 5232 1140 5320; x_wconf 82' lang='lat' dir='ltr'><strong>hemines</strong></span> <span class='ocrx_word' id='word_1_317' title='bbox 1192 5232 1458 5338; x_wconf 78' lang='lat' dir='ltr'><strong>flammetus,</strong></span> <span class='ocrx_word' id='word_1_318' title='bbox 1491 5234 1700 5320; x_wconf 88' lang='lat' dir='ltr'><strong>anhelans</strong></span> <span class='ocrx_word' id='word_1_319' title='bbox 1726 5234 1785 5321; x_wconf 90' lang='lat' dir='ltr'><strong>ad</strong></span> <span class='ocrx_word' id='word_1_320' title='bbox 1812 5235 2016 5334; x_wconf 87' lang='lat' dir='ltr'><strong>coelestia,</strong></span> 
     </span>
    </p>
   </div>
   <div class='ocr_carea' id='block_1_11' title="bbox 249 5345 2138 5457">
    <p class='ocr_par' dir='ltr' id='par_1_13' title="bbox 249 5345 2138 5457">
     <span class='ocr_line' id='line_1_41' title="bbox 249 5345 2138 5457; baseline -0.005 -20"><span class='ocrx_word' id='word_1_321' title='bbox 249 5405 251 5408; x_wconf 94' lang='lat'>-</span> <span class='ocrx_word' id='word_1_322' title='bbox 309 5351 430 5436; x_wconf 87' lang='lat' dir='ltr'><strong>visus</strong></span> <span class='ocrx_word' id='word_1_323' title='bbox 454 5359 762 5456; x_wconf 88' lang='lat' dir='ltr'><strong>estumquam,</strong></span> <span class='ocrx_word' id='word_1_324' title='bbox 786 5347 866 5434; x_wconf 90' lang='lat' dir='ltr'><strong>sed</strong></span> <span class='ocrx_word' id='word_1_325' title='bbox 887 5346 1046 5433; x_wconf 85' lang='lat' dir='ltr'><strong>insola</strong></span> <span class='ocrx_word' id='word_1_326' title='bbox 1065 5347 1139 5432; x_wconf 91' lang='lat' dir='ltr'><strong>fla·</strong></span> <span class='ocrx_word' id='word_1_327' title='bbox 1191 5345 1374 5434; x_wconf 80' lang='lat' dir='ltr'><strong>Sabbati</strong></span> <span class='ocrx_word' id='word_1_328' title='bbox 1390 5359 1494 5457; x_wconf 91' lang='lat' dir='ltr'><strong>post</strong></span> <span class='ocrx_word' id='word_1_329' title='bbox 1512 5348 1787 5435; x_wconf 86' lang='lat' dir='ltr'><strong>Parasceven</strong></span> <span class='ocrx_word' id='word_1_330' title='bbox 1804 5348 1893 5450; x_wconf 90' lang='lat' dir='ltr'><strong>die,</strong></span> <span class='ocrx_word' id='word_1_331' title='bbox 1916 5348 2016 5434; x_wconf 82' lang='lat' dir='ltr'><strong>reli·</strong></span> <span class='ocrx_word' id='word_1_332' title='bbox 2137 5367 2138 5409; x_wconf 65' lang='lat' dir='ltr'><strong>l</strong></span> 
     </span>
    </p>
   </div>
   <div class='ocr_carea' id='block_1_12' title="bbox 309 5460 2015 5571">
    <p class='ocr_par' dir='ltr' id='par_1_14' title="bbox 309 5460 2015 5571">
     <span class='ocr_line' id='line_1_42' title="bbox 309 5460 2015 5571; baseline -0.002 -21"><span class='ocrx_word' id='word_1_333' title='bbox 309 5465 416 5568; x_wconf 83' lang='lat' dir='ltr'><strong>gitia</strong></span> <span class='ocrx_word' id='word_1_334' title='bbox 431 5460 658 5566; x_wconf 78' lang='lat' dir='ltr'><strong>indignari</strong></span> <span class='ocrx_word' id='word_1_335' title='bbox 685 5461 797 5547; x_wconf 87' lang='lat' dir='ltr'><strong>Tam</strong></span> <span class='ocrx_word' id='word_1_336' title='bbox 814 5460 995 5546; x_wconf 88' lang='lat' dir='ltr'><strong>demissi</strong></span> <span class='ocrx_word' id='word_1_337' title='bbox 1008 5460 1139 5545; x_wconf 80' lang='lat' dir='ltr'><strong>enimi</strong></span> <span class='ocrx_word' id='word_1_338' title='bbox 1192 5460 1275 5546; x_wconf 89' lang='lat' dir='ltr'><strong>dus</strong></span> <span class='ocrx_word' id='word_1_339' title='bbox 1297 5463 1517 5568; x_wconf 88' lang='lat' dir='ltr'><strong>processit</strong></span> <span class='ocrx_word' id='word_1_340' title='bbox 1534 5461 1591 5547; x_wconf 90' lang='lat' dir='ltr'><strong>ad</strong></span> <span class='ocrx_word' id='word_1_341' title='bbox 1609 5463 1839 5571; x_wconf 89' lang='lat' dir='ltr'><strong>templum;</strong></span> <span class='ocrx_word' id='word_1_342' title='bbox 1861 5472 1908 5548; x_wconf 91' lang='lat' dir='ltr'><strong>et</strong></span> <span class='ocrx_word' id='word_1_343' title='bbox 1927 5487 2015 5548; x_wconf 89' lang='lat' dir='ltr'><strong>ora-</strong></span> 
     </span>
    </p>
   </div>
   <div class='ocr_carea' id='block_1_13' title="bbox 310 5572 2137 5685">
    <p class='ocr_par' dir='ltr' id='par_1_15' title="bbox 310 5572 2137 5685">
     <span class='ocr_line' id='line_1_43' title="bbox 310 5572 2137 5685; baseline -0.002 -22"><span class='ocrx_word' id='word_1_344' title='bbox 310 5576 469 5663; x_wconf 86' lang='lat' dir='ltr'><strong>eximia</strong></span> <span class='ocrx_word' id='word_1_345' title='bbox 478 5576 640 5662; x_wconf 86' lang='lat' dir='ltr'><strong>virtute</strong></span> <span class='ocrx_word' id='word_1_346' title='bbox 654 5573 915 5685; x_wconf 84' lang='lat' dir='ltr'><strong>praecelluit,</strong></span> <span class='ocrx_word' id='word_1_347' title='bbox 929 5585 979 5660; x_wconf 91' lang='lat' dir='ltr'><strong>ut</strong></span> <span class='ocrx_word' id='word_1_348' title='bbox 992 5572 1138 5660; x_wconf 89' lang='lat' dir='ltr'><strong>subdi-</strong></span> <span class='ocrx_word' id='word_1_349' title='bbox 1191 5574 1313 5660; x_wconf 85' lang='lat' dir='ltr'><strong>tiene</strong></span> <span class='ocrx_word' id='word_1_350' title='bbox 1329 5575 1387 5660; x_wconf 88' lang='lat' dir='ltr'><strong>ad</strong></span> <span class='ocrx_word' id='word_1_351' title='bbox 1400 5575 1614 5685; x_wconf 79' lang='lat' dir='ltr'><strong>pupulum</strong></span> <span class='ocrx_word' id='word_1_352' title='bbox 1627 5574 1791 5678; x_wconf 81' lang='lat' dir='ltr'><strong>habita,</strong></span> <span class='ocrx_word' id='word_1_353' title='bbox 1805 5574 1865 5662; x_wconf 89' lang='lat' dir='ltr'><strong>ad</strong></span> <span class='ocrx_word' id='word_1_354' title='bbox 1881 5575 2014 5660; x_wconf 79' lang='lat' dir='ltr'><strong>altare</strong></span> <span class='ocrx_word' id='word_1_355' title='bbox 2136 5657 2137 5670; x_wconf 51' lang='lat'><strong>,</strong></span> 
     </span>
    </p>
   </div>
   <div class='ocr_carea' id='block_1_14' title="bbox 0 0 2178 6176">
    <p class='ocr_par' dir='ltr' id='par_1_16' title="bbox 0 0 2178 6176">
     <span class='ocr_line' id='line_1_44' title="bbox 0 0 2178 6176; baseline 0 3"><span class='ocrx_word' id='word_1_356' title='bbox 0 0 2178 6176; x_wconf 95' lang='lat' dir='ltr'><strong> </strong></span> 
     </span>
    </p>
   </div>
  </div>
 </body>
</html>
