4322 6182
297 468 347 542 8*
887 476 1004 548 Festa
1026 477 1238 549 Februarii.
1262 479 1325 564 (17.
1352 478 1419 564 18.)

298 693 410 754 voce
433 677 478 756 et
501 679 648 754 mente
672 667 991 756 exclamavdre:
1014 694 1128 753 unus
1230 675 1276 745 In
1307 675 1336 745 Ι.
1365 675 1565 744 Nocturno
1594 673 1799 745 Lectiones
1831 675 2006 747 Fratres:

298 789 367 868 est
384 781 521 883 Deus,
542 807 669 882 unus,
695 781 770 888 qui
789 791 858 866 est
874 781 997 866 Deus
1015 782 1126 867 Mar.
1178 766 1395 844 Debitdl'ess.
1436 771 1483 882 (le
1523 772 1668 842 Comm.
1706 772 1857 860 plurim.
1896 771 2006 842 Mari

296 893 409 1001 tyris
427 894 627 995 Julianae,
650 919 762 1002 quos
780 903 826 980 et
842 901 1008 980 secdtae
1026 906 1128 981 sunt
1180 891 1266 938 cum
1289 868 1370 958 ΚΗ·
1396 889 1509 937 mnus
1533 867 1642 937 Mart.

297 1018 476 1094 centum
493 1018 537 1093 et
553 1007 733 1112 triginta
749 1006 966 1093 mulieres.
992 1008 1126 1117 sape·
1400 999 1451 1078 m
1477 999 1527 1078 Π.
1555 997 1779 1078 nocturno.

296 1146 398 1206 rans
416 1119 596 1206 tandem
615 1120 748 1206 ollam
765 1120 1017 1226 ferventem,
1035 1122 1126 1225 glo·
1479 1124 1633 1206 Lectio
1653 1124 1707 1206 iv.

296 1234 414 1319 riosa
431 1233 590 1320 victrix
607 1233 633 1318 J
634 1234 782 1320 aliana
806 1235 950 1342 capite
974 1234 1125 1341 plecti·
1186 1246 1285 1349 v75⁵3<
1300 1235 1502 1314 andtus
1548 1238 1749 1336 quartus,
1792 1233 2009 1320 Suenonis

295 1357 379 1450 tur,
398 1348 520 1452 cujus
538 1347 682 1432 anima
700 1348 840 1434 coelos
854 1348 900 1431 in
914 1351 1126 1434 aetornum
1273 1336 1288 1361 '¹
1317 1342 1518 1428 Esthritii
1547 1343 1777 1429 Danorum
1811 1347 1929 1452 regis
1958 1348 2009 1434 fi·

294 1458 616 1565 triumphatara
642 1461 908 1546 conscendit.
953 1461 1125 1568 Corpus
1185 1424 1284 1497 ἋΨ
1316 1453 1417 1558 lius,
1442 1454 1548 1558 fide,
1576 1457 1744 1564 pietate
1767 1471 1812 1545 et
1834 1484 2009 1546 morum

296 1597 402 1658 vero
423 1574 584 1658 Cumas
605 1577 972 1681 transportatum,
997 1598 1050 1660 ea
1068 1574 1124 1658 ci·
1176 1567 1408 1655 honestate
1427 1575 1703 1676 conspicuus,
1722 1573 1893 1658 eximiae
1911 1598 2009 1659 san·

294 1686 432 1772 vitate
464 1690 636 1788 eversa,
671 1686 908 1794 Neapolim
942 1687 1124 1775 transla-
1177 1681 1342 1768 ctitatis
1374 1708 1402 1769 a
1431 1685 1595 1769 teneris
1626 1686 1753 1771 annis
1783 1688 2010 1794 specimen

293 1809 387 1885 tum
422 1798 468 1883 in
497 1799 697 1886 Ecclesia
731 1801 1125 1889 sanctimonialium
1177 1791 1312 1881 dedit.
1336 1797 1574 1882 Patamum
1593 1809 1819 1907 sceptrum
1837 1825 2010 1886 summa

293 1911 439 2000 beatae
460 1912 546 1998 Dei
564 1913 800 2000 Genitricis
817 1914 1012 2019 Virginis
1033 1916 1124 1999 Ma·
1176 1909 1370 1994 omnium
1388 1911 1706 1999 acclamatione
1724 1910 1923 2022 adeptus,
1940 1939 2009 2000 re·

293 2029 372 2110 riae
395 2026 452 2113 de
474 2026 652 2112 Domna
673 2028 865 2115 Romata
889 2028 1122 2134 religiosis·
1173 2021 1326 2127 ligioni
1339 2025 1656 2131 promovendae
1671 2024 1827 2113 sedulo
1843 2026 2009 2112 incom-

293 2139 401 2225 sime
419 2141 664 2249 repositum
683 2150 762 2226 est.
1174 2136 1291 2238 bere,
1311 2136 1521 2223 ecclesias
1539 2138 1753 2226 reditibus
1771 2143 1942 2245 augore,
1962 2151 2011 2228 et

344 2271 397 2376 p,
422 2261 675 2348 Afferantur
693 2262 817 2366 Regi,
1174 2250 1371 2357 pretiosa
1392 2251 1656 2358 supellectili
1678 2257 1836 2338 ornare
1858 2255 2009 2363 coepit

343 2425 390 2496 In
412 2425 478 2498 ΠΙ.
495 2425 695 2498 mommo
717 2428 891 2498 somma
914 2430 954 2498 rn
976 2429 1122 2503 suano.
1174 2363 1289 2450 Tum
1318 2364 1417 2450 zelo
1449 2365 1753 2473 Pf⁰P³831¹dae
1778 2365 1885 2454 fidei
1911 2393 2009 2454 ⁸110·

234 2593 235 2597 ¹
292 2517 424 2592 Simile
448 2518 522 2591 erit
542 2539 704 2609 regnum
721 2519 916 2593 coeldmm,
942 2527 989 2596 de
1012 2485 1123 2599 Coni-
1175 2480 1343 2609 census,
1365 2476 1557 2564 barbara
1579 2504 1714 2585 regna
1733 2482 1848 2588 justo
1867 2485 2009 2613 certa-

292 2617 399 2688 muni
425 2618 453 2688 1,
476 2607 577 2690 loco.
1172 2616 1288 2677 mme
1307 2595 1552 2696 aggressu,
1571 2590 1769 2679 devictas
1787 2591 2009 2682 subditas·

346 2720 480 2792 Lectio
509 2724 561 2794 ix.
590 2723 637 2792 de
660 2723 833 2794 Homilia
864 2731 901 2794 et
925 2744 1122 2797 commem.
1173 2729 1260 2810 que
1285 2705 1486 2790 nationes
1511 2704 1762 2792 christianae
1788 2705 1878 2812 legi
1904 2707 2007 2794 sub·

292 2817 417 2888 Feriae
441 2820 481 2890 in
502 2821 714 2892 Laudibus.
1171 2819 1347 2923 jugavit.
1392 2817 1603 2904 Victoriis
1627 2829 1776 2905 autem
1802 2819 2009 2929 pll'lrimis
2153 2869 2154 2910 r

497 2971 659 3057 Die.17.
676 2971 917 3059 Februarii·
1171 2929 1403 3034 gloriosus,
1425 2942 1469 3017 et
1486 2930 1651 3017 divitiis
1670 2943 1837 3036 auctus,
1855 2933 2008 3040 regale

291 3099 363 3185 Ss.
380 3097 548 3184 XXVI
570 3099 716 3185 Mart.
740 3103 771 3186 J
772 3101 1117 3204 aponensium.
1173 3043 2008 3188 (11ῗάόῖῃᾶἂάοὴῐίὓῇθῗΠῗῘΜΡῩάθΒ

623 3223 789 3312 Duplex.
940 3287 944 3294 ἡ
1171 3157 1339 3290 abjecit,
1358 3185 1406 3246 se
1427 3171 1471 3246 et
1485 3183 1668 3265 regnum
1681 3159 2008 3296 dlrsubpcrens,

345 3333 483 3449 ania
505 3343 553 3455 ut
577 3337 680 3459 inter
702 3338 803 3410 fosta
826 3359 898 3428 pro
923 3340 1121 3432 aliquibus
1171 3273 1681 3473 gffm{{{fissgumcg‡tt
1715 3285 1760 3361 et
1785 3275 2007 3478 de'lqldd

290 3433 390 3502 locis
416 3433 478 3502 dre
501 3459 532 3503 n.
557 3435 670 3504 lebr.
1637 3414 1721 3496 pus
1747 3415 1877 3476 suum
1901 3417 1953 3499 je]

292 3529 1120 3667 W
1170 3498 1269 3604 niis,
1297 3501 1448 3633 ciliciis
1476 3510 1520 3588 et
1546 3502 1731 3608 flagellis
1758 3504 2007 3637 castigavit.

373 3707 417 3793 S.
436 3707 616 3792 Canuti
635 3714 742 3818 Reg.
763 3725 807 3798 et
826 3715 1042 3821 Martyris.
1169 3615 1447 3814 diddddnodlre
1472 3625 1516 3701 et
1540 3617 1913 3820 contemplabor&
1935 3645 2004 3706 as·

1331 3792 1342 3831 9
1430 3756 1488 3834 ga
1521 3756 1741 3839 pauperes
1780 3757 1864 3840 pro
1914 3760 2004 3840 sus,

448 3835 701 3926 semiduplex
725 3837 776 3906 aa
798 3838 960 3909 libitum.
1170 3867 1275 3946 erga
1293 3867 1446 3930 omnes
1468 3843 1693 3931 benaficus
1711 3872 1887 3955 semper
1904 3848 2005 3935 nit:
2151 3831 2152 3876 ¹

345 3957 483 4030 Omnia
521 3961 569 4031 de
603 3961 807 4034 Communi
844 3963 958 4034 unius
995 3965 1120 4054 Mart,
1169 3981 1253 4042 nec
1275 3982 1486 4064 umquam
1506 3984 1536 4070 a
1556 3959 1733 4064 justitiae
1752 3958 2004 4070 divinaque

289 4063 432 4146 Praeier
455 4077 562 4146 sequ.
1170 4067 1280 4174 legis
1299 4070 1456 4158 samita
1473 4071 1663 4160 deflaxit

343 4169 444 4252 Ant.
469 4166 562 4246 Iste
580 4167 769 4246 sanctus.
812 4162 864 4268 pl.
891 4162 1046 4250 Gloria
1063 4172 1118 4248 et.
1226 4197 1278 4300 K,
1299 4184 1548 4271 Honestum
1562 4185 1677 4272 fecit„

290 4415 466 4634 Deus,
486 4419 561 4526 qui
577 4307 955 4510 adoiilirtddiandam
969 4353 1117 4512 Ecole·
1266 4423 1304 4507 is
1329 4316 1774 4530 amqudeditdtitdbm
1793 4423 2001 4526 imbutus,

205 4627 210 4645 y
401 4531 511 4618 siam
534 4540 671 4637 tuam,
695 4533 877 4622 beatum
901 4539 1119 4626 Candtum
1280 4534 1339 4623 ad
1348 4541 1602 4646 supremum
1615 4537 1899 4645 perfectionis
1908 4541 1999 4648 api·

288 4672 438 4753 regem
459 4647 657 4756 marty'rii
679 4649 826 4757 palma
851 4661 896 4737 et
914 4653 1118 4756 gloriosis
1170 4676 1266 4737 cem
1291 4661 1468 4736 sanctus
1491 4676 1571 4736 rex
1593 4651 1874 4759 properabat.
1913 4653 1998 4741 Ac·

286 4759 507 4847 miraculis
551 4759 762 4849 decorare
806 4763 1010 4870 dignatus
1052 4794 1117 4854 es:
1169 4761 1278 4850 cidit
1309 4774 1456 4850 autem
1486 4775 1535 4850 ut
1563 4764 1737 4870 Angliae
1763 4790 1999 4872 regnuma
2149 4807 2150 4822 Ν

288 4874 483 4960 concode
512 4875 750 4984 propitium
780 4887 848 4980 ut,
878 4878 991 4965 sicut
1020 4881 1117 4988 ipse
1168 4876 1407 4962 Wilhelmo
1462 4878 1818 4965 Normannorum
1875 4881 1999 4987 duce,

287 4988 535 5073 Dominicae
557 4990 777 5097 passionis
804 4993 1000 5079 imitator
1026 4995 1117 5096 fuit,
1167 4989 1435 5076 formidabili
1470 4993 1668 5081 exercitu
1704 4993 1998 5082 invaderetur.

287 5102 351 5187 ita
375 5127 458 5188 nos
484 5129 565 5212 per
592 5107 684 5211 ejus
709 5109 895 5212 vestigia
917 5108 1115 5211 gradien-
1169 5103 1324 5210 Anglis
1351 5129 1474 5204 vero,
1504 5107 1733 5194 Danorum
1764 5133 1896 5218 opem
1921 5112 1997 5198 im·

286 5226 371 5320 tes,
399 5215 456 5301 ad
482 5216 644 5319 gaudia
670 5221 936 5327 sempitama
964 5248 1116 5331 perve·
1166 5217 1463 5325 plorantibus,
1496 5245 1597 5306 cum
1628 5229 1886 5310 succarrere
1918 5249 1997 5314 rex
2148 5325 2149 5351 ζ

286 5334 380 5417 nire
401 5336 658 5418 mereamur.
696 5334 782 5420 Per
805 5335 1010 5423 eumdem
1026 5337 1115 5421 Do·
1168 5329 1457 5434 decrevisset,
1508 5333 1614 5420 belli
1671 5334 1997 5445 expeditionem

286 5444 452 5530 minum
469 5457 681 5532 nostrum.
1167 5444 1281 5531 Olao
1295 5444 1418 5532 fratri
1432 5450 1663 5537 commisit.
1686 5451 1772 5554 Qui
1784 5451 1997 5557 regnandi

344 5559 552 5632 Commem.
575 5561 712 5634 Feriae.
965 5651 968 5660 .
1169 5556 1410 5667 cupiditate
1435 5560 1623 5662 illectus,
1651 5589 1773 5650 arma
1794 5564 1929 5654 vertit
1951 5567 1996 5654 in
