4322 6182
100 411 1898 469 Γ.....-----.---.-

401 521 578 592 Sccunda
604 521 665 588 die
690 520 789 588 inira
814 519 893 590 Oct.
919 519 1125 588 Conrmcm.
1151 519 1352 589 Passionis
1375 517 1420 588 D.
1445 517 1490 588 N.
1515 517 1548 588 J.
1573 517 1612 588 C.
1789 512 1858 590 29⁸

99 636 105 785 Ι
149 715 406 802 demnemus
438 741 557 801 eum:
589 716 671 802 erit
702 715 818 801 enim
845 715 886 800 ei
912 739 977 800 re·
1030 724 1253 822 sceptrum
1284 713 1450 818 regale:
1478 711 1502 762 *
1531 715 1589 799 Et
1614 723 1665 799 tu
1696 713 1858 800 dedisti

148 833 330 937 spectus
349 855 404 914 ex
423 828 699 915 sermonibus
713 828 840 913 illius.
867 829 978 913 Haec
1030 827 1165 936 copiti
1193 852 1294 913 meo
1327 830 1523 934 spineam
1554 829 1781 928 coronam,
1814 838 1858 913 et

100 886 105 1059 i
149 941 455 1046 cogitaverunt
476 951 521 1026 et
544 945 816 1028 erravenmt:
840 966 978 1025 excae·
1029 941 1286 1046 percussisti
1310 939 1521 1026 arundine
1545 948 1679 1048 caput
1700 965 1857 1026 meum.

100 1062 105 1141 :
148 1056 263 1141 cevit
283 1054 399 1141 enim
418 1054 519 1140 illos
538 1054 703 1139 malitia
724 1058 887 1138 eorum.
921 1054 980 1140 Et
1029 1051 1079 1156 ii.
1105 1053 1275 1161 Popule
1291 1078 1427 1152 meus,
1447 1051 1553 1158 quid
1572 1050 1656 1138 feci
1675 1051 1764 1152 tibi,
1783 1063 1859 1138 aut

147 1169 400 1254 nescierunt
418 1171 694 1252 sacramenta
711 1166 811 1268 Dei,
833 1192 978 1273 neque
1029 1167 1073 1250 in
1110 1191 1199 1273 quo
1236 1165 1494 1250 contristovi
1527 1164 1598 1251 tei
1636 1165 1857 1272 responde

100 1198 105 1377 i
146 1277 399 1367 mercedem
451 1282 739 1388 speraverunt
791 1279 978 1385 justitiae‚
1028 1277 1147 1364 mihi.
1186 1280 1244 1364 Et
1270 1287 1328 1363 tu,

100 1458 105 1481 .
147 1419 228 1480 nec
252 1392 557 1501 judicaverunt
579 1391 794 1478 honorem
816 1393 977 1477 animo·
1337 1397 1490 1480 Lectio
1512 1426 1546 1480 v.

100 1500 105 1603 ἱ
148 1533 243 1594 rum
261 1511 526 1593 sanctorum.
1030 1501 1247 1713 Deinde
1273 1511 1378 1610 post
1404 1505 1671 1610 serpentem,
1697 1503 1743 1586 in
1768 1501 1857 1587 Sal·

100 1720 104 1731 ,
197 1633 248 1734 R·-
294 1629 392 1736 Ego
442 1638 629 1735 propter
671 1637 716 1712 te
761 1625 980 1732 flagellavi
1139 1620 1296 1703 vatore
1310 1615 1445 1702 homo
1462 1621 1560 1722 ipse
1575 1613 1859 1720 crucifigitur,

100 1734 979 1959 itteitiiiattteetiatii
1030 1729 1270 1930 {iiiiii
1286 1739 1394 1926 pii
1409 1727 1861 1949 {uir-rimie

100 2012 104 2063 r
147 1971 278 2072 *Qui
296 1981 522 2075 tamquam
546 1993 685 2073 agnus
711 1991 861 2052 coram
884 1975 977 2051 ton·
1030 1983 1128 2043 cem
1152 1955 1422 2042 vindicatum
1445 1952 1574 2039 estin
1593 1955 1860 2059 serpentem

101 2072 104 2119 ¹
147 2083 283 2169 dente
310 2109 358 2168 se
385 2083 606 2183 obmutui,
639 2092 684 2167 et
708 2106 797 2166 non
827 2080 980 2187 aperui
1030 2097 1111 2179 per
1129 2068 1369 2156 secundam
1385 2069 1431 2151 in
1446 2070 1613 2153 venena
1632 2066 1860 2172 serpentis.

148 2223 197 2282 os
219 2221 381 2282 meum.
433 2187 484 2290 ii.
511 2193 683 2303 Popule
705 2219 846 2294 meus,
873 2192 979 2299 quid
1029 2185 1132 2270 Hoc
1150 2192 1228 2286 est,
1247 2182 1436 2314 primum
1454 2191 1610 2311 auctor
1627 2180 1724 2288 ipse
1737 2184 1861 2287 puni·

102 2352 105 2379 ι
149 2309 230 2395 ieci
248 2309 342 2406 tibi,
365 2311 505 2396 autin
525 2334 613 2415 quo
633 2306 892 2394 contristovi
910 2303 978 2392 tei
1029 2308 1116 2401 tur;
1142 2295 1303 2382 deinde
1325 2320 1417 2400 eJus
1435 2291 1683 2397 maligmtas
1701 2289 1860 2378 conde·

103 2444 106 2463 ·
148 2423 371 2532 responde
387 2423 505 2508 mihi.
531 2423 600 2508 Et
629 2420 793 2506 Gloria.
820 2420 916 2523 Qui.
1030 2414 1215 2542 mnotur.
1245 2409 1380 2540 Virus
1399 2406 1525 2538 eniin,
1544 2405 1666 2511 quod
1684 2430 1861 2512 persua.

379 2595 427 2672 1n
452 2593 502 2670 ΠΙ
529 2591 752 2670 Noctnnm,
1032 2526 1155 2607 s1one
1181 2548 1261 2607 sua
1291 2546 1335 2604 rn
1365 2519 1588 2604 hommem
1619 2515 1861 2605 transfude-
1938 2557 1940 2564 1

103 2696 106 2753 ι
643 2715 825 2850 im
1030 2645 1271 2835 strat
1305 2740 1861 2853 ii

450 2832 675 2940 EP¹⁸⁰⁰P¹·
1029 2876 1112 2966 tur,
1135 2888 1224 2948 non
1241 2859 1373 2946 morti
1391 2859 1590 2962 troditur,
1610 2855 1691 2944 sed
1707 2856 1862 2943 mortis
1961 2845 1967 2858 ’

104 3022 108 3083 t
219 2973 332 3044 Hom.
361 2975 386 3040 l·
414 2971 461 3040 do
484 2969 592 3040 Pass.
618 2981 654 3038 ot
679 2969 801 3038 Cruco
824 2966 911 3034 ΒΜ·
1031 2977 1145 3062 ineo
1160 2975 1326 3061 focinus
1341 2973 1611 3059 emendetur.
1629 2974 1732 3059 Hoc
1745 2972 1862 3056 enim

452 3091 603 3175 Lectio
623 3091 675 3174 iv.
1032 3091 1122 3195 egit
1139 3089 1354 3174 Dominus
1373 3113 1453 3195 per
1471 3086 1705 3189 hominem,
1731 3111 1862 3194 quem

249 3201 341 3284 'cut
364 3198 542 3302 Moyses
567 3192 779 3280 exaltevit
803 3195 979 3299 serpen·
1032 3202 1242 3310 suscepit,
1266 3212 1316 3287 ut
1336 3199 1441 3285 dum
1458 3204 1668 3284 innocens
1685 3199 1861 3307 petitur,

151 3207 357 3490 ntem
390 3311 436 3394 in
473 3308 670 3411 desert03
703 3307 765 3392 ita
795 3304 980 3391 exaltari
1031 3313 1409 3424 praevaricationis
1432 3313 1549 3397 illius
1568 3311 1799 3399 diabolicae
1818 3313 1862 3397 in

266 3428 446 3532 oportet
456 3420 824 3507 Filiumhominis·
840 3418 979 3518 Unde,
1032 3455 1086 3514 eo
1111 3424 1409 3514 inobedientia
1433 3427 1697 3531 corrigetur3
1722 3438 1766 3513 et
1789 3426 1862 3512 de·

106 3546 111 3661 ζ
151 3537 185 3620 si
203 3537 363 3622 affixus
381 3561 564 3643 serpens
583 3535 702 3638 ligno
721 3532 823 3616 filiis
841 3531 980 3616 Israel
1031 3547 1184 3650 inceps
1201 3539 1314 3625 liber
1332 3566 1358 3624 a
1377 3537 1506 3644 culpa
1526 3539 1662 3640 fieret,
1682 3565 1734 3625 ac
1751 3539 1862 3624 liber

151 3651 335 3738 contulit
366 3650 617 3750 sanitatem,
648 3655 813 3754 quanto
840 3646 979 3750 magis
1033 3666 1150 3743 esset
1171 3680 1197 3739 a
1216 3663 1370 3739 morte.

151 3765 337 3851 saltitem
360 3773 544 3871 praestat
565 3760 745 3870 populis
762 3759 979 3843 Dominus
1084 3779 1136 3882 lo.
1167 3767 1264 3872 Ego
1297 3766 1404 3852 duxi
1439 3775 1483 3852 te
1515 3789 1596 3872 per
1628 3763 1861 3866 desertum

150 3878 193 3962 iu
216 3876 418 3986 patibulo
441 3875 693 3976 crucifixus3
716 3882 761 3957 et
784 3872 822 3956 si
840 3871 980 3976 figura
1033 3879 1322 3990 quadraginta
1353 3881 1497 3982 annis,
1533 3889 1577 3964 et
1610 3902 1770 3962 manna
1805 3877 1861 3962 ci.

151 4001 320 4079 tantum
337 3989 513 4100 profuit,
536 3996 747 4095 quantum
764 3981 980 4092 prodesse
1031 3995 1136 4082 bavi
1160 4006 1222 4081 te:
1248 3994 1352 4079 *Et
1379 4003 1429 4077 tu
1451 4018 1522 4078 me
1550 3989 1749 4077 cecidisti
1777 3991 1862 4074 ola·

111 4142 115 4157 1
152 4105 370 4190 credimus
393 4098 648 4190 veritotem?
688 4100 881 4206 Serpens
905 4098 980 4202 igi·
1031 4111 1101 4217 pis
1129 4119 1174 4195 et
1205 4106 1401 4210 flagellis.
1449 4101 1498 4206 u
1530 4105 1700 4212 Popule
1726 4128 1862 4206 meus,

109 4314 115 4341 4
152 4227 219 4302 tur
236 4220 406 4327 primus
425 4213 704 4320 crucifigitur·
730 4214 871 4299 Recte
888 4211 979 4320 pla·
1034 4221 1139 4330 quid
1172 4220 1257 4307 feci
1283 4218 1382 4320 tibi,
1413 4218 1559 4305 autin
1588 4242 1676 4324 quo
1704 4218 1862 4304 contri·

111 4394 115 4417 1
153 4357 221 4434 ne,
255 4341 309 4417 ut
345 4331 447 4438 quia
481 4329 648 4437 primus
685 4325 804 4434 apud
835 4325 981 4410 Deum
1033 4337 1146 4423 steri
1164 4332 1231 4422 te?
1251 4332 1474 4440 responde
1490 4332 1607 4416 mihi.
1633 4331 1691 4418 Et
1708 4342 1766 4420 tu
1877 4419 1888 4444 ‚

153 4450 414 4552 peccoverat
442 4441 660 4544 diabolus,
692 4441 861 4548 primus
887 4464 980 4523 cru·
1333 4453 1485 4538 Lectio
1505 4457 1559 4538 vi,

111 4424 116 4503 Ι

112 4510 118 4685 Ι
154 4559 213 4643 cis
248 4556 468 4644 sententia
502 4555 715 4640 feriretur.
773 4554 825 4636 In
860 4551 980 4656 ligno
1033 4557 1311 4772 Habentes
1354 4560 1487 4664 igitur
1522 4559 1762 4644 Dominum
1795 4557 1818 4639 J
1822 4582 1862 4641 e·

155 4671 266 4756 enim
285 4669 564 4774 crucifigitur,
583 4666 902 4754 rationabiliter
920 4665 979 4749 ia·
1154 4702 1267 4773 sum,
1293 4674 1369 4781 qui
1388 4699 1470 4761 nos
1493 4672 1700 4780 passione
1718 4695 1798 4756 sua
1814 4669 1862 4754 11.

157 4797 290 4886 ctum,
322 4795 371 4870 ut
400 4783 501 4891 quia
532 4780 667 4867 h0m0
694 4781 739 4865 in
770 4777 979 4888 paradiSO
1033 4789 1215 4892 berevit,
1235 4789 1280 4873 in
1299 4790 1445 4896 ipsum
1467 4787 1731 4894 aspiciamus
1753 4809 1862 4869 sem·

157 4923 231 5004 per
262 4898 466 4983 orborem
502 4893 871 5003 concupiscentiae
907 4891 979 4977 de·
1032 4928 1114 5012 per
1149 4914 1194 4989 et
1229 4901 1287 4988 de
1312 4901 1451 5008 ipsius
1481 4899 1601 5003 ligno
1635 4902 1863 5005 speremus

158 5015 307 5121 ceptus
325 5011 484 5112 soeret,
509 5035 624 5094 nunc
642 5005 759 5093 idem
775 5031 856 5114 per
874 5004 981 5108 ligni
1032 5015 1195 5102 nostris
1214 5014 1465 5100 vulneribus
1481 5012 1759 5112 medicinam,
1777 5010 1864 5097 hoc

158 5123 356 5211 arborem
379 5124 641 5210 salvaretur:
667 5133 799 5228 atque
825 5117 980 5204 eadem
1034 5139 1116 5216 est:
1142 5129 1179 5212 si
1198 5127 1313 5212 forte
1333 5127 1462 5212 nobis
1487 5129 1702 5213 venenum
1725 5130 1862 5210 avari·

158 5237 353 5340 materia,
377 5262 477 5343 quae
496 5261 629 5322 eausa
651 5233 805 5320 mortis
827 5231 981 5332 fuerat,
1033 5244 1107 5329 tiae
1130 5266 1178 5326 se
1205 5238 1424 5342 donnus
1448 5241 1592 5347 ipsum
1616 5237 1862 5323 considere·

160 5360 272 5468 esset
289 5350 533 5437 remedium
551 5349 762 5436 sanitotis.
1033 5381 1141 5456 mus,
1161 5364 1207 5440 et
1224 5363 1361 5441 sanat
1387 5353 1434 5438 Si
1451 5352 1697 5458 scorpionis
1716 5376 1798 5436 nos
1815 5351 1863 5435 li·

207 5479 257 5584 Rs
294 5475 391 5578 Ego
421 5483 607 5584 propter
636 5483 682 5560 te
714 5470 981 5556 Chananaeo·
1034 5467 1141 5555 bido
1165 5474 1451 5576 compungat,
1475 5467 1620 5573 ipsum
1644 5468 1862 5570 rogemus,

160 5609 251 5674 rum
279 5611 408 5695 reges
439 5587 656 5697 percussi,
688 5596 733 5671 et
763 5583 868 5672 dedi
896 5582 979 5670 tibi
1034 5594 1078 5669 et
1101 5591 1235 5669 curat
1274 5581 1321 5668 Si
1342 5583 1614 5670 terrenorum
1633 5577 1861 5684 cogitatio·
