4346 6176
627 505 832 576 Dominica
855 506 901 576 H.
925 507 1030 577 Julii.
1077 506 1134 579 Ss.
1157 507 1434 598 Reliquiarum.

231 695 283 800 11.
321 691 605 793 Proiecerunt
639 686 831 776 cadever
863 689 910 774 in
944 714 1010 775 se·
1062 690 1194 792 servi,
1226 690 1357 776 etiam
1389 687 1600 794 defuncti,
1632 692 1787 776 eorum
1819 690 1894 798 qui

172 803 367 913 polchro
391 803 557 888 Elisaei:
585 801 752 910 quod*
778 803 888 888 Cum
913 803 1009 889 teti·
1060 803 1268 890 universo
1312 802 1411 890 orbi
1453 807 1672 910 imperant
1717 801 1894 911 patroni

172 922 317 1022 gissct
335 941 438 1004 ossa
455 915 618 1018 Elisaei,
640 923 665 974 *
680 916 858 1002 Revixit
875 914 1009 1004 homo
1062 914 1188 1002 sunt?
1228 919 1377 1024 Atque
1399 914 1447 1001 id
1464 940 1555 1001 non
1573 917 1729 1003 Romae
1749 915 1894 1002 solum

173 1041 224 1116 et
243 1030 366 1116 stetit
383 1054 519 1137 super
535 1028 676 1137 pedes
695 1054 812 1115 suos.
846 1019 898 1126 i.
923 1032 1010 1116 Per
1063 1029 1158 1114 fieri
1191 1031 1409 1138 quispiam
1439 1027 1617 1132 viderit,
1650 1028 1730 1115 sed
1762 1031 1893 1116 etiam

173 1141 314 1230 fidem
331 1145 597 1251 accepenmt
616 1140 673 1230 de
687 1144 1010 1231 resurrectione
1063 1141 1455 1251 Constantinopoli.
1494 1143 1610 1229 Nam
1633 1141 1767 1228 ethic
1787 1142 1893 1249 quo·

172 1260 390 1342 mortuos.
431 1254 553 1340 Cum.
587 1254 742 1341 Gloria
759 1254 891 1342 Patri
925 1258 1009 1343 Re·
1063 1280 1148 1362 que
1177 1255 1514 1342 Constantinum
1539 1280 1746 1361 magnum
1777 1254 1894 1340 issius

172 1369 298 1455 vixit
1061 1371 1124 1460 ita
1141 1369 1319 1459 demum
1342 1370 1508 1477 ingenti
1529 1368 1699 1456 honore
1723 1395 1771 1455 se
1793 1367 1894 1455 affe·

404 1499 454 1580 In
480 1503 530 1582 II,
559 1503 784 1584 Noctumo,
1062 1493 1235 1570 ctrirum
1259 1482 1544 1587 existimavit,
1571 1481 1610 1568 Si
1637 1507 1738 1569 eum
1761 1483 1806 1566 in
1830 1483 1894 1591 pi·

232 1629 332 1711 Ant.
353 1626 465 1712 Dico
480 1623 608 1712 vobis
627 1623 779 1712 amicis
796 1623 923 1710 meis:
941 1622 1010 1710 Ne
1062 1599 1248 1687 80111όῆ1
1261 1598 1482 1686 VssssffbulO
1497 1597 1727 1684 conderet:
1748 1594 1895 1701 QUOd·

172 1737 429 1822 terreamini
447 1738 504 1826 ab
521 1739 575 1825 iis
594 1739 669 1847 qui
690 1735 899 1825 occidunt
916 1762 1009 1822 cor·
1064 1738 1149 1847 que
1184 1711 1528 1845 imperaffirijfl
1566 1720 1668 1797 flunt
1703 1711 1747 1796 in
1783 1711 1894 1844 {tulis

172 1876 278 1958 pus,
305 1860 351 1937 et
372 1861 477 1961 post
498 1851 597 1938 haec
620 1878 710 1939 non
734 1850 898 1938 habent
923 1854 1010 1936 om·
1062 1831 1286 1958 lfflfflfefl,
1311 1826 1398 1960 hoc
1421 1853 1466 1910 ¹11
1490 1823 1728 1935 Sepfflchffl
1753 1851 1893 1933 1)ῑῦθὸ-

172 1963 294 2072 plius
314 1964 420 2073 quid
439 1965 612 2052 faciant,
1062 1938 1235 2026 tonbus
1253 1951 1355 2026 sunt
1370 1943 1674 2048 rmperatores.

232 2087 332 2171 Ant.
383 2085 538 2175 Nonne
575 2087 769 2196 quinque
804 2092 1010 2196 pisseres
1117 2059 1168 2163 R'·
1192 2055 1336 2140 Amen
1363 2078 1491 2139 amen
1518 2051 1620 2141 (¹500
1645 2051 1788 2138 V0bi⁸²
1819 2053 1895 2159 qui

173 2204 371 2287 veneunt
392 2198 632 2310 dipondio?
657 2213 701 2288 et
719 2227 831 2287 unus
851 2228 906 2289 ex
923 2199 1010 2285 illis
1062 2167 1204 2301 elidit
1224 2168 1268 2252 ᾗ]
1287 2192 1374 2300 me,
1400 2171 1537 2274 opera
1549 2191 1657 2300 51¹1ae
1675 2190 1758 2270 280
1776 2165 1893 2252 [άῦἰο

172 2340 268 2399 non
286 2324 356 2401 est
371 2315 417 2399 in
436 2313 660 2401 oblivione
678 2341 830 2402 coram
848 2318 959 2402 Deo.
1063 2292 1108 2369 et
1130 2307 1226 2389 rpse
1244 2281 1387 2384 ficret,
1412 2291 1457 2366 et
1473 2285 1641 2386 majora
1657 2278 1816 2365 horum
1833 2280 1894 2365 fe·

232 2443 333 2526 Ant.
357 2436 512 2546 Capilli
529 2437 686 2546 capitis
701 2439 838 2525 vestri
856 2465 1010 2526 omnes
1062 2396 1160 2483 ciet·
1190 2399 1214 2450 *
1241 2397 1299 2530 ῙΪῙῗ
1330 2394 1643 2530 ‘1¹¹⁰,d01'1mq110
1675 2393 1893 2527 Pefi⁶fifi⁵

171 2552 394 2638 numereti
417 2560 535 2655 sunt;
557 2551 694 2640 nolite
713 2553 880 2655 timere,
902 2553 1008 2638 mul·
1060 2506 1894 2608 Patremmn⁶mm0ffl0⁰vh0⁰f40¹ffl

171 2666 233 2751 tis
252 2664 507 2775 passeribus
524 2665 663 2776 pluris
682 2667 790 2753 estis
807 2692 900 2753 vos,
973 2733 975 2741 ¹
1065 2613 1116 2719 ll·
1140 2625 1272 2712 Dabo
1291 2648 1376 2758 yos
1398 2623 1445 2708 in
1470 2648 1634 2755 nomen
1663 2629 1708 2707 et
1733 2621 1777 2704 in
1804 2620 1893 2709 lau·

230 2793 281 2896 ll.
298 2794 506 2883 Custodit
515 2797 731 2884 Dominus
747 2798 893 2885 omnia
907 2823 1009 2886 osta
1063 2741 1165 2828 dem
1185 2736 1388 2827 ⁶¹¹¹me
1405 2736 1585 2846 P⁶Puh⁸
1602 2746 1745 2823 teffae·
1772 2735 1842 2821 Et·

1147 2966 1240 3055 uod
1266 2967 1305 3052 si
1332 2865 1755 3072 cJfiffcffipg'ratoriis
1781 2961 1895 3048 aulis

1164 3081 1262 3168 haec
1278 3079 1514 3190 sepulchra
1529 3077 1731 3165 conferre
1744 3077 1894 3178 libeat,

175 2914 343 2996 eorum.
396 2913 448 3017 li.
473 2911 620 2998 Unum
638 2935 694 2998 ex
711 2911 780 2996 his
799 2937 889 2998 non
908 2937 1007 2999 con·

174 3029 356 3110 teretur.

341 3157 495 3242 gemm
514 3165 656 3242 Saum
672 3155 853 3290 J⁰f¹¹²1¹i⁵
1060 3221 1199 3305 penes
1230 3195 1329 3281 haec
1354 3219 1506 3280 rursus
1532 3191 1721 3279 victoria
1746 3191 1895 3278 futora

381 3267 749 3425 ..Qwflmml
1062 3319 1139 3397 est
1182 3309 1280 3395 Illic
1303 3309 1419 3395 enim
1441 3305 1568 3393 multi
1591 3315 1693 3391 sunt
1714 3305 1789 3413 qui
1806 3315 1893 3390 tur·

272 3401 445 3472 Homine
460 3403 512 3472 2⁶·
530 3423 570 3470 m
584 3401 630 3472 ii.
649 3401 699 3472 au
716 3401 802 3472 Cor.
819 3423 854 3472 Π·
870 3403 901 3472 5.
1059 3422 1163 3529 bam
1180 3421 1486 3510 submoveant:
1504 3418 1577 3506 hic
1595 3426 1751 3504 contra
1767 3415 1895 3504 multi

480 3523 633 3606 Lectio
653 3523 707 3605 iv·
1060 3538 1138 3643 qui
1167 3538 1372 3638 invitent,
1407 3543 1542 3642 atque
1576 3543 1621 3618 et
1652 3528 1813 3618 divites
1849 3542 1895 3617 et

213 3656 252 3699 ‘²
271 3642 497 3752 epilchra
519 3643 779 3733 Sanctorum
805 3648 881 3754 qui
904 3649 1007 3734 Cru·
1060 3657 1299 3759 pauperes,
1327 3658 1372 3736 et
1399 3649 1520 3733 viros
1546 3656 1591 3732 et
1618 3643 1821 3746 feminas,
1849 3656 1894 3731 et

236 3792 262 3851 ,·
300 3757 433 3844 citixo
456 3759 702 3847 servienmt
723 3762 869 3868 regias
886 3762 1008 3848 aulas
1060 3789 1215 3851 servos
1242 3789 1294 3850 ac
1320 3762 1486 3849 liberos
1511 3757 1744 3846 attrahant.
1797 3757 1894 3844 Illic

195 3896 198 3901 ¹
228 3902 258 3921 .
299 3871 540 3978 splendore
571 3873 770 3977 vincunt,
799 3901 889 3962 non
919 3902 1007 3961 ma·
1058 3879 1214 3982 ingens
1231 3888 1392 3963 terror:
1413 3873 1487 3961 hic
1508 3871 1664 3959 laetitia
1682 3895 1784 3978 quae
1800 3870 1893 3956 nul-

175 3983 405 4090 gnitirdine
429 3997 506 4071 aut
525 3986 854 4094 pulchritudine
873 3989 1006 4076 aedifi·
1059 3991 1113 4078 lis
1127 3989 1275 4078 verbis
1289 3987 1501 4099 explicori
1517 3995 1660 4095 queat
1686 3989 1748 4071 At
1764 3983 1893 4072 dulce

176 4099 345 4185 ciorum
374 4100 491 4204 (nam
516 4098 601 4186 hac
625 4110 752 4209 parte
777 4102 854 4188 illa
879 4109 1007 4212 sirpe-
1059 4103 1362 4213 spectaculum
1376 4115 1444 4191 est
1457 4101 1772 4211 imperatorem
1783 4125 1892 4186 auro

175 4215 307 4318 rant),
332 4209 429 4315 sed,
455 4210 577 4319 quod
600 4214 740 4302 multo
766 4217 905 4324 maius
929 4226 1008 4322 est,
1059 4225 1267 4305 amictum
1294 4226 1340 4305 et
1369 4220 1536 4304 corona
1558 4213 1810 4302 redimitum
1832 4213 1892 4300 vi·

175 4327 429 4412 coeintium
447 4326 608 4413 stodio.
642 4325 758 4413 Nam
778 4339 822 4415 et
839 4329 914 4417 ille
933 4332 1009 4438 qui
1061 4332 1184 4436 dere,
1217 4335 1502 4440 astantesque
1530 4329 1717 4417 bellicos
1745 4326 1893 4430 duces,

174 4445 418 4547 purpuram
435 4449 591 4547 gestat,
610 4441 667 4527 ad
680 4443 917 4552 sepulchra
933 4443 1008 4530 illa
1060 4446 1317 4556 praefectos,
1349 4445 1570 4547 tribunos,
1603 4441 1893 4543 centuriones,

176 4578 223 4638 se
243 4553 417 4640 confert
438 4564 488 4641 ut
508 4580 561 4641 ea
579 4556 870 4660 exosculetur,
894 4558 1007 4665 abje·
1059 4563 1287 4671 praetores.
1330 4561 1500 4645 Verum
1531 4558 1630 4644 haec
1660 4554 1775 4644 odeo
1805 4553 1892 4639 illis

175 4671 338 4775 ctoque
368 4668 505 4771 fastu,
542 4671 731 4780 supplex
762 4681 869 4776 stat,
904 4671 1006 4758 San·
1059 4672 1333 4778 augustiora,
1384 4676 1614 4779 magisque
1662 4664 1892 4754 tremenda

175 4785 364 4888 ctosque
400 4781 625 4888 obsecrat,
669 4794 718 4872 ut
760 4785 847 4893 ipsi
890 4784 1009 4895 apud
1060 4797 1179 4888 sunt,
1203 4797 1253 4873 ut
1275 4812 1370 4896 prae
1395 4786 1493 4873 istis
1516 4784 1592 4871 illa
1617 4807 1751 4869 scena
1774 4805 1891 4888 quae·

175 4893 322 4982 Deum
339 4894 423 4982 sibi
440 4895 651 5006 praesidio
671 4899 774 4985 sint:
798 4909 942 5008 atque,
960 4908 1009 4986 ut
1060 4899 1164 4985 dam
1188 4925 1239 4986 ac
1261 4926 1409 4986 merus
1436 4898 1566 4987 ludus
1592 4895 1763 4985 censeri
1789 4921 1891 5004 pos·

175 5021 221 5096 et
246 5010 541 5097 tentoriorum
569 5012 776 5120 opificem
802 5023 847 5100 et
867 5014 1007 5122 pisca·
1060 5013 1157 5099 sint.
1182 5013 1322 5100 Simul
1336 5015 1451 5101 enim
1467 5011 1890 5121 atqueliminatran·

174 5127 331 5226 torem,
351 5133 398 5210 et
415 5122 595 5233 quidem
612 5126 703 5213 fato
722 5127 909 5230 functos,
932 5155 1007 5237 pa·
1060 5126 1233 5231 silleris,
1256 5129 1381 5214 locus
1400 5128 1497 5236 ipse
1514 5136 1708 5213 mentem
1728 5125 1786 5211 ad
1804 5147 1890 5213 coe·

173 5242 333 5324 tronos
350 5236 529 5341 hebeat,
550 5239 757 5348 precibus
774 5241 812 5326 is
832 5246 1008 5328 conten·
1059 5240 1165 5342 lum,
1188 5239 1246 5326 ad
1263 5244 1505 5350 supernum
1528 5264 1696 5346 regem,
1721 5237 1779 5324 ad
1802 5240 1891 5322 An·

175 5351 242 5439 dit
261 5351 340 5460 qui
362 5350 611 5441 diademate
630 5353 799 5441 cinctus
818 5364 896 5442 est
931 5357 1008 5441 Fr·
1059 5352 1260 5458 gelorum
1297 5355 1557 5456 exercitum,
1602 5350 1660 5439 ad
1704 5350 1891 5438 sublime

175 5469 302 5571 gone,
317 5462 400 5568 dic,
417 5490 583 5573 quaeso,
597 5467 751 5554 horum
769 5468 1008 5555 Dominum
1059 5464 1169 5553 illud
1200 5468 1376 5571 solium,
1409 5467 1467 5556 ad
1497 5469 1769 5556 inaccessam
1799 5464 1890 5570 glo·

175 5583 399 5666 mortuum
443 5577 590 5668 dicere
634 5579 838 5686 audebis,
885 5585 1008 5691 cujus
1059 5581 1170 5668 riam
1196 5584 1464 5672 transmittit
