1271 1725
245 266 340 287 minamr
355 266 377 287 in
393 266 529 292 infirmitas,
547 269 622 292 surget
638 266 660 287 in

245 294 334 316 virtute:
343 294 463 316 seminanti·
472 301 552 322 corpus
561 295 660 320 animale,

244 325 320 349 surget
329 329 411 350 corpus
420 323 540 350 spirituale.

273 356 367 378 Hymnus.
387 357 402 374 Ο
421 361 458 374 vos
476 356 583 374 unanimes.
602 360 623 375 ut
640 358 660 375 in

246 380 259 397 Ι.
271 380 369 403 Vesperis.
380 380 413 398 21⁸

272 404 298 430 V.
318 405 361 431 Qui
383 406 491 428 seminant
513 406 536 427 in
558 406 660 428 lacrimis.

245 435 270 462 R.
283 434 309 455 In
322 434 468 456 exsultatione
482 437 571 457 metent.

272 468 307 489 Ad
318 468 404 494 Magnis.
418 469 467 490 Ant.
482 469 536 490 Cum
545 474 558 489 a
566 467 659 489 mortuis

244 496 409 521 resurrexerint,
421 498 471 517 sunt
483 496 539 518 sicut
549 496 628 522 Angeli
637 496 659 517 in

244 524 315 545 coelis:
327 530 399 551 neque
411 524 469 546 enim
478 524 536 546 ultra
545 524 601 546 mori
611 525 659 551 pot-

244 555 316 578 erunt,
332 555 354 574 et
367 552 406 573 filii
420 555 470 574 sunt
484 553 535 578 Dei,
551 559 601 574 cum
616 553 659 574 sint

244 580 283 601 fflii
296 581 470 607 resunectibnis,
483 581 576 608 alleluja.

271 612 375 630 Commem.
387 613 500 630 Dominicae.

348 650 436 672 Domin.
444 651 484 672 III.
493 651 550 672 Iulii.

336 685 371 707 ss.
384 685 567 711 Redemptor-is.

365 714 443 737 Duplex
454 715 469 732 2.
480 715 536 732 class.

270 742 338 760 Omnia
349 738 371 760 ‘ut
383 743 433 761 inter
444 743 494 761 festa
508 749 544 766 pro
560 744 658 766 aliquibus

244 766 292 784 locis
305 767 373 784 eadem
384 767 492 785 Dominicai

383 805 426 826 Die
434 805 454 826 5.
463 805 520 826 Iulii.

259 837 281 858 S.
291 837 426 886 mohaslig
432 837 463 886 ds
473 837 572 859 sanctis
581 839 642 860 Conf.

428 874 454 891 up
463 874 492 887 ex

270 895 339 912 Omnia
354 898 374 913 ut
386 897 436 914 inter
450 898 498 915 testa
511 903 546 920 pro
559 898 658 920 aliquibus

243 919 292 937 locis
301 919 372 938 eadem
384 921 421 938 die

384 961 426 983 Die
434 961 453 982 7.
462 961 519 982 Iulii.

362 995 387 1015 In
397 995 542 1017 Dedicatione

243 1026 402 1048 cathedralis
408 1026 526 1048 Ecclesiae
533 1025 657 1052 neapolit.

285 1055 363 1078 Duplex
376 1057 389 1073 1.
402 1057 472 1075 classis
483 1057 533 1078 (curn
545 1057 618 1075 Octava

341 1081 359 1098 in
372 1081 455 1098 Civituto
468 1082 552 1103 tantum).

268 1107 337 1125 Omnia
358 1109 381 1126 dc
401 1109 503 1127 Communi
522 1110 657 1127 Dedicationis

242 1131 342 1153 Ecclesiae,
353 1136 425 1155 praeter
436 1134 543 1156 sequentia.

358 1172 383 1192 In
392 1173 417 1192 ΙΙ.
427 1173 539 1194 Nocturno.

393 1205 469 1226 Lectio
479 1206 506 1226 iv.

364 1236 411 1253 nter
415 1231 465 1253 loca
470 1237 538 1257 sacra,
545 1238 594 1258 quae
599 1231 656 1253 Nea-

371 1260 463 1287 politani
473 1260 533 1281 cives
547 1262 609 1281 suma
623 1266 655 1281 re·

371 1288 451 1314 ligiene
464 1295 490 1310 ac
503 1288 586 1315 pietate
602 1295 655 1315 quo-

326 1322 345 1330 ‘0
353 1322 358 1330 -’
372 1318 404 1338 vis
417 1318 518 1343 tempore
532 1317 655 1343 frequenta-

195 1347 197 1349 ’
241 1348 299 1371 runt
310 1345 347 1367 ille
358 1345 459 1372 profecto
471 1344 582 1367 celebris·
576 1351 598 1365 in
611 1351 655 1372 quo

240 1374 310 1396 sancti
324 1374 419 1401 Aspreni
436 1373 526 1395 domum
540 1373 607 1394 fuisse
620 1374 655 1394 ve-

240 1405 287 1424 tera
312 1403 453 1424 monumenta
478 1403 592 1423 testentur.
621 1401 655 1423 Ibi

240 1431 297 1452 enim
319 1431 413 1457 majeres
435 1430 504 1452 nostri
522 1430 551 1452 ad
569 1436 655 1451 sacram

239 1459 340 1486 synaxim
357 1460 475 1480 convenire
494 1459 655 1480 consueverant

240 1490 262 1509 et
272 1487 301 1509 ad
308 1487 361 1509 fidei
368 1487 491 1509 doctrinam
498 1486 655 1508 addiscendam

512 216 570 234 Festa
581 216 634 234 Julii.
646 217 728 238 (Domin.
740 217 773 235 111.
784 218 799 235 5.
811 217 833 239 7.)

686 266 714 288 ab
724 266 803 288 eedem
816 267 928 294 Aspreno‚
944 274 1010 294 quem
1023 268 1102 290 bearus

685 295 764 317 Petrus
773 295 933 322 Apostolorum
941 296 1048 323 Princeps
1058 297 1101 323 pri-

685 330 745 345 mum
762 323 828 346 nobis
845 324 965 346 antistitem
983 325 1102 346 constituit.

685 351 720 373 Ibi
732 352 815 379 pai-iter
823 353 915 379 antiquo
928 353 988 374 cultu
999 353 1102 375 incl-‘imit

685 380 763 407 Imago
778 380 912 403 beatissimae
928 381 970 403 Dei
984 381 1102 403 Genitricis

685 408 788 434 sedentis,
797 411 890 436 puerum
899 409 974 431 Iesum
983 409 1042 431 ulnis
1050 412 1103 436 ante

685 437 792 463 gremium
807 438 924 464 gestantis,
941 444 1007 465 quam
1021 444 1102 464 magno

685 467 794 487 concursu
813 468 836 488 et
854 472 867 487 a
884 466 986 493 parribus
1003 466 1026 487 in
1043 466 1103 488 filios

685 495 813 516 transmissa
826 494 911 522 pietAte
926 494 954 516 ad
968 494 1018 516 haec
1031 501 1103 522 usque

685 524 787 550 tempora
800 522 878 545 fideles
890 524 1028 545 veneramur.
1048 523 1102 545 Tra—

685 550 740 572 dunt
751 551 834 578 quippe
845 557 894 573 eam
906 551 948 573 sub
960 551 1015 578 ipsis
1026 552 1102 573 Eccle-

685 580 724 601 siae
737 579 834 601 exordiis
846 580 913 602 fuisse
926 580 1058 605 confectam,
1071 583 1102 602 at-

685 614 728 635 que
750 608 856 635 deinceps
874 611 956 630 sanctae
974 608 1051 630 Μαι-ιω
1073 608 1102 630 de

685 636 795 663 Principio
819 636 968 664 appellatione
989 638 1102 664 nuncupa·

684 667 738 691 tam,
751 667 830 692 utpote
844 671 894 692 quae
908 665 979 692 prima
993 666 1103 687 exstiterit

685 693 782 715 emnium
795 693 898 720 Deiparae
913 693 1043 720 imaginum,
1060 694 1102 715 sal-

685 724 729 743 tem
745 721 768 742 in
783 721 825 743 hac
840 722 939 747 civitam,
956 721 1102 749 depictarum.

685 750 769 775 Quarto
791 752 865 771 autem
887 750 976 771 ineunte
994 750 1102 772 Ecclesiae

684 778 767 799 saeculo
782 778 938 800 Constantinus
954 778 1047 805 Magnus
1062 779 1102 800 im-

685 807 782 833 perator,
795 807 851 828 sicut
860 806 939 828 Romae
951 807 974 828 in
986 813 1027 829 suo
1036 807 1101 829 Late-

684 835 771 856 ranensi
792 835 876 862 palintio
898 835 974 857 divino
991 835 1102 857 Salvatori

684 864 800 885 ecclesiam
810 863 957 889 dedicfiverat,
966 864 996 885 ita
1005 864 1102 891 Neapoli

684 892 797 913 basilicam
810 891 960 914 cathedralem
973 892 1043 919 ipsius
1055 893 1101 914 Sal-

684 920 767 942 vatdris
779 920 851 946 effigie
863 923 886 942 et
895 921 983 942 nomine
992 921 1101 947 insignem

684 948 791 974 cdndidit,
806 949 947 976 amplissimis
964 948 1045 971 oblatis
1061 949 1100 971 do-

683 976 723 1026 gis,
731 977 850 1003 multisque
859 977 950 1004 praediis
958 977 1031 999 eidem
1040 978 1100 999 attri-

699 1005 748 1026 litis.

712 1035 738 1061 R.
749 1033 868 1055 Orantibus
879 1033 902 1055 in
911 1033 962 1055 loco
975 1034 1027 1059 isto,
1040 1036 1051 1048 ¹·
1062 1034 1100 1055 Di-

683 1062 745 1083 mitte
758 1062 849 1088 peecata
859 1062 985 1089 p6pulitui,
996 1062 1065 1087 Deus,
1077 1065 1100 1084 et

683 1089 775 1111 ostende
783 1090 815 1112 eis
822 1090 879 1112 viam
886 1090 973 1115 bonam
983 1097 1023 1123 per
1033 1097 1100 1117 quam

683 1118 803 1144 Ambulent‚
820 1121 843 1140 et
859 1118 887 1140 da
902 1118 995 1145 gloriam
1010 1119 1033 1139 in
1047 1118 1100 1140 loco

683 1146 732 1168 isto.
763 1144 788 1171 V.
798 1147 840 1173 Qui
852 1153 910 1174 regis
922 1147 992 1168 Israel
1004 1147 1099 1171 intende,

683 1175 720 1201 qui
727 1174 820 1196 deducis
827 1175 887 1197 velut
894 1181 958 1197 ovem
963 1175 976 1196 J
977 1175 1053 1202 oseph,
1061 1176 1099 1202 qui

683 1203 748 1224 sedes
757 1209 824 1230 super
834 1203 959 1225 Cherubim.
972 1203 1070 1225 Dimitte.

838 1232 915 1254 Lectio
926 1240 944 1254 v.

685 1258 906 1312 Constantinianam
916 1260 976 1282 illam
985 1260 1098 1282 basilicam

729 1291 793 1310 sexto
809 1288 939 1310 decurrente
956 1288 1038 1310 saeeulo
1051 1288 1097 1310 Ste-

682 1316 768 1343 phanus
777 1318 903 1345 episcopus,
915 1317 950 1338 cui
959 1317 1031 1344 primo
1040 1316 1097 1338 inter

682 1344 878 1372 Neapolitanorum
890 1345 999 1367 antistites
1007 1345 1050 1366 hoc
1059 1351 1097 1366 no-

681 1380 732 1394 men
731 1352 789 1398 ptuit,
802 1380 853 1401 amp
854 1374 947 1395 libribus
959 1373 1038 1395 ditavit
1048 1375 1097 1400 spa—

682 1402 718 1422 tiis
742 1408 769 1423 ac
797 1381 971 1429 ερῙειιᾱίᾱίόι-ειιι
995 1401 1098 1423 reddidit.

682 1430 763 1451 Pestea
778 1437 831 1452 vero
847 1430 902 1452 alter
918 1431 1036 1458 episcopus
1052 1430 1096 1452 Ste-

681 1458 767 1485 phanus
789 1458 838 1480 diro
857 1459 959 1480 incendio
979 1460 1096 1483 cremetam

681 1493 739 1514 pene
757 1486 785 1508 ab
801 1487 890 1508 interitu
906 1486 1035 1512 vindicavit,
1052 1493 1096 1508 ma—
