4322 6182
296 505 371 580 30*
545 501 723 572 Secunda
747 501 809 570 die
832 500 932 570 inira
956 499 1036 571 Oct.
1061 500 1267 571 Commcm.
1292 499 1494 571 Passionis
1518 499 1562 568 D.
1586 499 1632 570 N.
1656 499 1690 570 J.
1716 500 1755 572 C.

297 723 401 781 num
431 720 515 780 nos
549 719 723 780 morsus
758 694 974 796 lacerant,
1009 700 1125 780 eum-
1177 704 1280 779 runt
1296 717 1367 778 me
1385 694 1524 778 aceto.
1551 693 1800 780 sinceritati
1816 721 2008 803 namque

299 809 400 895 dem
411 813 652 917 precemur,
669 818 713 895 et
721 809 920 893 vivimus.
937 808 996 892 Hi
1011 809 1127 893 enim
1176 833 1266 893 non
1289 805 1443 891 debuit
1466 806 1712 892 amaritudo
1738 809 1930 910 misceri,
1957 821 2008 896 ut

297 933 399 1008 sunt
430 922 681 1029 spirituales
709 926 938 1029 serpentes
965 922 1124 1008 anima-
1177 919 1485 1006 ostenderetur
1509 919 1603 1004 sine
1622 921 1911 1008 amaritudine
1928 923 2007 1007 im·

296 1062 394 1121 rum
410 1040 672 1138 nostrarum,
690 1046 874 1143 propter
892 1060 1004 1141 quos
1024 1060 1124 1120 con·
1176 1033 1420 1119 mortalitas
1478 1034 1798 1138 resurgentium
1849 1036 2008 1122 futura.

297 1148 536 1235 culcandos
555 1149 771 1234 Dominus
792 1148 1026 1236 crucifixus
1044 1158 1125 1252 est3
1178 1149 1287 1250 Quae
1312 1145 1520 1253 quoniam
1544 1146 1805 1232 imortalitas
1830 1149 1875 1232 in
1900 1175 2008 1235 vase

298 1262 537 1370 dequibus
564 1263 663 1371 ipse
686 1262 763 1349 ait:
789 1287 922 1370 super
949 1265 1124 1369 serpen·
1178 1265 1413 1345 coacuerat
1447 1257 1658 1363 humano,
1698 1259 1928 1346 edulcatur
1962 1263 2009 1344 in

296 1386 364 1462 tes
392 1386 437 1462 et
464 1377 724 1484 scorpiones
751 1374 1050 1478 ambulabitis,
1082 1387 1126 1462 et
1179 1372 1366 1459 Christo,
1382 1373 1502 1479 Ergo
1513 1376 1686 1459 acetum
1695 1373 1869 1476 bibitur,
1880 1375 2009 1481 quod

296 1489 404 1576 nihil
422 1489 550 1576 vobis
567 1489 800 1575 nocebunt.
1178 1498 1272 1573 erat
1296 1484 1498 1572 arundini
1520 1486 1792 1593 impositum
1816 1487 1904 1575 hoc
1921 1498 2008 1574 est:

353 1609 405 1712 lo.
426 1606 522 1708 Ego
557 1601 746 1688 exaltavi
776 1612 821 1687 te
852 1627 1009 1706 magna
1042 1602 1124 1688 vir·
1177 1600 1332 1687 vitium
1359 1607 1601 1708 corroptae,
1633 1627 1714 1709 per
1741 1601 1903 1704 Adam,
1930 1604 2008 1687 im·

296 1719 454 1803 tutes*
467 1716 526 1801 Et
542 1726 592 1803 tu
609 1741 680 1801 me
699 1715 970 1823 suspendisti
987 1716 1031 1800 in
1050 1742 1124 1823 pa·
1177 1714 1460 1801 mortalitatis
1481 1713 1745 1802 absorbetur
1762 1717 1808 1800 in
1825 1716 2009 1820 calamo,

297 1828 437 1916 tibulo
472 1828 624 1914 crucis.
667 1830 775 1913 *ln
810 1855 897 1936 qua
933 1828 1125 1936 expandi
1177 1836 1226 1911 ut
1245 1827 1300 1913 de
1322 1832 1513 1936 corpore
1536 1827 1788 1915 aboleretur
1804 1828 2009 1916 humano.

296 1968 451 2027 manus
472 1969 594 2029 meas
619 1941 676 2027 ad
693 1943 909 2062 populum
926 1967 1016 2027 non
1034 1968 1125 2028 cre·
1234 1944 1285 2047 Il.
1297 1941 1393 2046 Ego
1411 1952 1457 2027 te
1473 1943 1627 2049 potavi
1646 1967 1762 2049 aqua
1778 1943 1933 2028 salutis
1951 1941 2009 2029 de

298 2055 485 2159 dentem,
501 2068 545 2143 et
558 2056 943 2143 contradicentem.
972 2045 1023 2152 il.
1042 2058 1124 2142 Po·
1177 2065 1320 2163 petra:
1347 2058 1370 2108 *
1394 2055 1452 2141 Et
1475 2066 1524 2141 tu
1549 2081 1619 2142 me
1643 2057 1812 2165 potasti
1838 2057 1940 2142 felle
1964 2069 2010 2144 et

296 2169 399 2275 pule
428 2196 572 2272 meus,
604 2169 710 2278 quid
738 2170 821 2256 leci
846 2167 947 2270 tibi,
979 2180 1055 2255 aut
1081 2171 1126 2255 in
1179 2171 1318 2254 aceto.
1369 2159 1420 2264 ll.
1445 2170 1617 2277 Popule
1634 2196 1773 2273 meus,
1798 2169 1905 2277 quid
1923 2171 2011 2256 leci

297 2306 386 2387 quo
405 2284 661 2368 contristavi
679 2283 747 2369 te?
770 2279 992 2390 responde
1010 2283 1126 2368 mihi.
1178 2281 1276 2384 tibi,
1302 2294 1378 2369 aut
1395 2283 1440 2366 in
1459 2307 1547 2389 quo
1567 2284 1827 2368 contristavi
1849 2281 1918 2370 te?
1942 2311 2009 2370 re·

296 2393 354 2481 Et
370 2404 430 2481 tu.
460 2394 612 2482 Gloria
628 2397 760 2483 Patri
786 2397 839 2479 In
857 2421 955 2503 qua.
1178 2393 1351 2503 sponde
1368 2395 1484 2480 mihi.
1510 2394 1569 2480 Et
1586 2405 1646 2481 tu.

514 2561 563 2640 In
590 2562 661 2641 III,
689 2561 911 2640 Nocturna
1465 2506 1619 2590 Lectio
1639 2504 1723 2586 viii.

191 2830 198 2844 ,
1182 2615 2011 2844 and

351 2925 505 3008 Lectio
525 2925 583 3006 vii
897 2924 958 3006 Ca
1016 2925 1063 3006 19
1177 2849 1411 2935 mendam
1446 2850 1646 2958 spiritus,
1688 2850 1763 2958 qui
1797 2855 2011 2936 Servetur.

586 2989 593 3004 '
961 2951 1000 3028 p·
1067 2987 1074 3003 ·
1179 2964 1310 3067 Quod
1334 2965 1449 3050 enim
1477 2965 1828 3069 commendetur,
1855 2966 2010 3072 otique

296 3041 373 3258 In
417 3050 493 3184 {¹10
538 3055 757 3182 tempore:
801 3053 952 3138 Selesss
976 3053 1126 3194 dem,
1177 3103 1266 3162 non
1285 3080 1509 3164 amittitur.
1535 3080 1711 3165 Bonum
1729 3103 1836 3184 ergo
1851 3078 2011 3185 pignus

363 3187 466 3271 qma
501 3168 648 3249 omma
682 3172 983 3252 consummata
1015 3179 1126 3272 sunt,
1179 3201 1248 3276 est
1289 3195 1490 3299 spiritus,
1535 3193 1700 3277 bonum
1737 3191 2009 3299 depositum;

296 3289 345 3364 ut
359 3303 636 3365 consummar
639 3282 735 3362 &¹¹¹
749 3280 986 3386 Seripfflrav
1001 3280 1126 3368 dixi&
1178 3304 1294 3390 unde
1323 3316 1367 3391 et
1389 3305 1463 3391 ille
1487 3307 1563 3390 ait:
1592 3305 1630 3390 Ο
1656 3305 1904 3408 Timotheo,
1930 3305 2009 3392 bo·

295 3391 417 3477 SstiO·
443 3391 501 3476 Εἴ
517 3390 699 3498 reliqua·
1177 3444 1282 3503 num
1299 3416 1550 3528 depositum
1565 3418 1751 3505 custodi.
1779 3419 2009 3506 Commen·
2146 3410 2147 3424 '

348 3531 536 3617 Humilia
554 3531 595 3616 S.
614 3529 838 3616 Ambrosii
854 3532 1078 3640 Episcopi.
1179 3531 1306 3617 datur
1333 3534 1447 3617 enim
1471 3532 1591 3617 Patri
1615 3533 1812 3640 spiritus,
1836 3543 1881 3621 et
1905 3532 2009 3620 ideo

391 3655 474 3724 Lib.
500 3656 557 3726 10.
582 3655 622 3723 in
644 3653 791 3741 Evang.
815 3653 905 3724 Luc.
931 3674 961 3724 c.
984 3655 1036 3724 23.
1178 3647 1257 3730 ait:
1295 3648 1502 3754 quoniam
1532 3673 1622 3732 non
1651 3646 1931 3754 derelinques
1962 3649 2009 3731 in

443 3784 566 3844 rreus
584 3784 696 3843 unus
720 3759 951 3864 spongiam
974 3760 1125 3869 imple·
1177 3761 1346 3846 inferno
1373 3761 1563 3844 animam
1585 3785 1740 3844 meam.
1793 3760 1909 3846 Vide
1935 3788 2009 3847 au·

296 3763 655 4048 'mactato
682 3882 726 3957 et
745 3871 880 3959 dabat
904 3873 944 3959 ei
962 3871 1125 3979 bibere,
1177 3885 1267 3961 tem
1310 3900 1518 3980 magnum
1560 3875 1826 3980 mysterium.
1877 3873 2010 3961 Nunc

431 3983 552 4091 quod
568 3995 612 4070 et
624 3984 749 4071 bibit.
773 3986 844 4072 Sic
860 3986 974 4071 enim
987 3985 1125 4074 habes
1178 3986 1458 4074 commendat
1476 3988 1521 4070 in
1538 3987 1739 4074 manibus
1757 3988 1901 4073 Patris
1921 3993 2008 4097 spi·

296 4097 538 4183 secundum
581 4098 806 4185 Joannem.
864 4100 974 4185 Cum
1018 4127 1124 4206 ergo
1177 4103 1310 4188 ritum
1344 4127 1489 4186 suum:
1521 4127 1637 4186 nunc
1668 4102 1715 4184 in
1740 4101 1883 4186 Patris
1911 4102 2009 4187 sinu

297 4215 542 4317 accepisset
568 4212 593 4296 J
594 4238 696 4297 esus
726 4217 909 4298 acetum.
962 4213 1126 4300 Vinum
1178 4213 1320 4318 sedet,
1347 4213 1616 4321 quiatotum
1641 4214 1863 4299 aliusnon
1889 4215 2009 4322 capit

295 4349 402 4411 vero
428 4349 527 4410 cum
551 4325 652 4412 felle
679 4326 863 4412 mixtum
890 4352 979 4412 non
1003 4326 1125 4414 bibit.
1179 4329 1411 4415 Christum.
1446 4328 1660 4435 Denique,
1680 4353 1774 4433 ego,
1792 4328 1945 4434 inquit,
1961 4329 2007 4412 in
2144 4385 2145 4441 3

295 4438 367 4525 Sic
393 4437 508 4523 enim
534 4438 720 4532 habetur
746 4441 791 4524 in
813 4439 1042 4526 Matthaeo:
1068 4440 1126 4528 Et
1177 4445 1325 4546 Patre,
1353 4451 1397 4529 et
1420 4442 1552 4526 Pater
1576 4443 1620 4526 in
1644 4467 1726 4527 me.
1780 4440 2007 4529 Commen-

296 4551 515 4640 dederunt
528 4552 568 4638 ei
582 4553 731 4637 vinum
744 4553 896 4640 bibere
912 4580 1011 4640 cum
1025 4555 1125 4644 selle
1178 4556 1307 4642 datur
1328 4581 1433 4660 ergo
1452 4554 1574 4642 Patri
1591 4556 1789 4663 spiritus3
1808 4555 1889 4641 sed
1908 4583 2007 4642 cum

295 4667 497 4771 mixtum3
525 4677 570 4752 et
596 4692 696 4751 cum
721 4672 959 4772 gustasset,
986 4670 1126 4756 noluit
1178 4671 1235 4755 sit
1253 4671 1298 4753 in
1316 4669 1627 4778 superioribus,
1651 4668 1867 4755 illuminat
1885 4681 1930 4756 et
1945 4671 2006 4754 in·

297 4779 460 4866 bibere.
484 4782 673 4866 Acetum
687 4785 836 4886 itaque
850 4781 1024 4866 bibitur.
1050 4784 1124 4869 Vi·
1176 4783 1309 4884 ferna,
1327 4797 1377 4869 ut
1395 4784 1597 4868 universa
1617 4781 1898 4869 redimantur.
1932 4784 2005 4871 Et·
2143 4877 2144 4899 Ν

296 4919 400 4976 num
431 4920 531 4979 cum
562 4892 664 4979 felle
694 4918 783 4978 non
818 4893 1001 4999 bibitur,
1037 4923 1126 4982 non
1176 4898 1292 4981 enim
1312 4896 1510 4982 Christus
1528 4897 1686 4999 omnia,
1705 4906 1750 4982 et
1767 4897 1811 4981 in
1832 4896 2005 4983 Christo

297 5007 399 5111 quia
428 5008 505 5108 fel,
539 5005 619 5093 sed
653 5007 756 5113 quia
786 5010 995 5093 admixtae
1022 5011 1124 5096 vino
1178 5011 1334 5111 omnia,
1351 5009 1454 5097 licet
1471 5011 1517 5094 in
1535 5011 1716 5116 singulis
1736 5015 1953 5118 operetur.

295 5118 609 5207 amaritudines
617 5125 884 5208 recusantur.
896 5121 1010 5207 Nam
1018 5147 1126 5208 ama-
1233 5125 1285 5232 Ra
1303 5124 1400 5229 Ego
1426 5133 1529 5209 ante
1559 5134 1604 5209 te
1633 5125 1785 5232 aperui
1810 5149 1949 5210 mare:
1982 5126 2006 5177 *

296 5230 509 5319 titudines
534 5236 638 5320 vitae
666 5244 830 5320 nostrae
857 5261 940 5344 pro
968 5240 1123 5343 corpo·
1176 5235 1233 5321 Et
1248 5247 1298 5324 tu
1321 5238 1531 5345 aperuisti
1553 5237 1707 5323 lancea
1724 5239 1840 5324 latus
1858 5236 2003 5322 Salva·
2142 5307 2143 5358 ξ

293 5349 354 5433 ris
373 5349 527 5454 otique
542 5350 792 5436 conditione
806 5351 1011 5458 suscepit.
1038 5351 1123 5435 De·
1176 5352 1263 5437 tori
1290 5359 1387 5435 tuo:
1421 5355 1444 5404 *
1472 5351 1558 5452 Qui
1584 5350 1770 5438 redemit
1795 5349 2005 5447 mundum

293 5463 426 5570 nique
448 5463 544 5569 ipse
570 5464 646 5549 ait:
669 5460 898 5550 Dederunt
915 5465 959 5548 in
976 5489 1124 5551 escam
1175 5464 1450 5570 insanguine
1469 5490 1561 5550 suo.
1606 5459 1658 5564 v.
1680 5464 1851 5574 Popule
1868 5489 2003 5567 meus,

295 5602 439 5663 meam
463 5575 543 5679 fel,
579 5588 623 5663 et
653 5577 699 5661 in
720 5577 793 5663 siti
818 5602 918 5665 mea
943 5583 1123 5685 potave-
1176 5578 1285 5687 quid
1310 5579 1394 5666 feci
1419 5579 1519 5685 tibi,
1553 5588 1630 5668 aut
1656 5580 1702 5664 in
1729 5604 1818 5687 quo
1847 5579 2003 5668 contri·
2141 5683 2142 5692 ζ
