4354 6184
950 489 1065 559 Festa
1089 491 1249 578 Aprilis.
1273 491 1357 576 (20.)

289 678 478 782 peteret.
516 678 569 762 In
591 677 660 764 his
682 689 830 767 autem
855 683 988 768 enimi
1012 683 1124 770 doti·
1177 680 1322 768 aetetis
1344 675 1447 764 'suae
1483 680 1848 789 quinquagesimo
1879 704 2012 782 nono,

291 786 374 872 bus
412 792 709 878 maceratione
746 796 909 898 carnis,
953 796 1124 900 vigiliis,
1176 792 1363 880 extremi
1379 792 1525 879 morbi
1538 791 1769 880 doloribus
1786 794 2013 900 patientis·

290 899 566 1008 jejuniisque,
601 913 829 1011 tamquam
858 908 997 1006 vallo,
1032 934 1124 992 mu·
1176 906 1286 990 sime
1312 904 1531 1007 toleretis,
1562 906 1851 992 sacramentis
1877 905 2012 990 omni·

290 1010 482 1114 niendis,
521 1039 672 1101 curam
711 1043 887 1105 omnem
923 1018 1125 1108 adhibuit
1175 1018 1259 1105 bus
1282 1042 1454 1102 summa
1477 1043 1578 1102 cum
1595 1018 1765 1124 pietete
1781 1018 2013 1124 susceptis,

290 1148 432 1227 suam,
456 1151 508 1212 ac
531 1128 746 1230 inaudita,
770 1135 913 1239 eoque
930 1133 1125 1240 perenni,
1176 1155 1312 1235 grave
1334 1133 1514 1216 suerum
1535 1130 1748 1216 virtutum
1766 1130 2014 1215 Matritensi

291 1261 380 1321 non
403 1239 547 1323 minus
573 1266 705 1348 quam
732 1247 909 1350 espera,
934 1255 1123 1330 tormen·
1176 1243 1344 1351 populo
1368 1244 1573 1328 universo
1599 1240 1866 1330 desiderium
1885 1243 2013 1328 relin-

290 1353 438 1434 torum
482 1352 526 1435 vi
574 1378 738 1461 corpus
785 1357 830 1439 in
874 1356 1126 1444 absolutam
1178 1381 1337 1462 quens,
1368 1357 1627 1442 meritorum
1651 1356 1911 1462 plenissima
1937 1357 2013 1442 mi·

291 1462 472 1567 spiritus
513 1467 774 1554 servitutem
813 1469 996 1574 redegit.
1055 1471 1125 1557 De
1176 1469 1320 1574 grevit
1354 1468 1413 1555 ad
1443 1469 1676 1575 Sponsum.
1729 1469 1873 1570 Quam
1907 1468 2014 1554 Pius

291 1597 340 1658 se
368 1575 484 1660 enim
510 1575 624 1662 adeo
653 1577 891 1682 humiliter,
918 1581 1124 1669 demisse·
1178 1591 1330 1669 sextus
1365 1581 1570 1668 Pontifex
1605 1581 1825 1665 Meximus
1862 1580 2015 1665 multis

293 1710 379 1792 que
398 1687 626 1792 sentiebat,
646 1700 696 1778 ut
716 1718 805 1799 quo
823 1696 978 1801 majori
996 1697 1124 1782 coele·
1176 1694 1391 1800 insignem
1415 1693 1656 1794 miraculis,
1684 1717 1737 1778 ac
1760 1692 2015 1799 prophetiae

292 1799 424 1884 stium
448 1799 666 1887 donorum
684 1806 815 1912 copia
833 1807 1125 1914 perfundebe·
1178 1805 1297 1892 dono
1316 1807 1533 1892 illustrem
1554 1806 1642 1891 ritu
1660 1804 1847 1890 solemni
1865 1804 2015 1892 beata-

291 1919 384 2012 tur,
428 1936 483 1997 eo
519 1913 719 2001 viliorem
755 1943 873 2022 sese,
917 1946 971 2006 ac
1007 1923 1125 2006 omni
1177 1945 1275 2004 rum
1293 1920 1526 2023 Virginum
1550 1925 1736 2003 numero
1760 1917 2015 2028 adscripsit.

291 2051 437 2156 prena,
460 2035 807 2136 contemptoque
826 2030 1127 2136 dignissimam
1234 2037 1285 2142 lb.
1307 2031 1559 2119 Afferentur
1577 2031 1702 2136 Regi.

207 2181 213 2198 ‘
293 2138 576 2224 exlssfimfiret·
1236 2174 1279 2242 ln
1303 2173 1368 2242 III.
1386 2173 1587 2242 Nocturno
1608 2172 1781 2241 Homilia
1805 2172 1846 2241 in
1867 2173 2015 2259 Erang.

350 2259 401 2358 lb.
421 2250 628 2337 Dilexisti
646 2255 867 2359 justitiam.
1182 2267 1312 2340 Simile
1346 2268 1419 2340 erit
1450 2285 1614 2357 regnum
1651 2267 1840 2340 coelorum
1879 2265 2015 2340 decem

599 2368 753 2452 Lectio
775 2369 827 2448 vi.
1177 2363 1406 2454 virginibus.
1435 2359 1482 2431 de
1507 2361 1653 2432 Comm.
1669 2360 1776 2448 Virg.
1803 2363 1830 2432 1.
1855 2365 1955 2434 loco.

298 2472 568 2686 Credisix
593 2487 763 2618 potest,
795 2504 884 2586 qua
910 2481 956 2564 in
982 2483 1128 2567 Deum
1407 2518 1491 2604 Die
1509 2521 1582 2604 20,
1601 2518 1778 2626 Aprilis,

397 2593 581 2677 cantete
598 2591 739 2677 Maria
756 2596 886 2678 Anna
903 2593 1127 2697 flagraret:
1269 2655 1340 2742 ss·
1368 2655 1572 2758 Septem
1599 2655 1925 2758 Angelorum·

1443 2767 1599 2854 Duplex
1615 2767 1748 2851 majus.

1422 2889 1436 2948 t
1460 2881 1500 2948 in
1523 2879 1724 2948 Breudario
1749 2878 1928 2951 Romano
1953 2881 2016 2950 die

293 2702 530 2808 omniaque
548 2729 643 2810 prae
655 2704 732 2790 illo
745 2707 940 2791 meximo
958 2704 1128 2792 habens

291 2813 336 2896 in
356 2823 527 2921 spretu,
553 2814 689 2902 divini
714 2819 877 2904 amoris
895 2817 1128 2924 voluptate
1235 2879 1372 2947 Omnia
1394 2903 1420 2948 u

293 2923 407 3011 3d00
421 2926 610 3032 pli'u'ima
624 2929 910 3032 afficiebam
928 2939 978 3016 ut
995 2955 1127 3036 quan·
1181 2976 1213 3042 8.
1238 2973 1339 3062 Marii,
1363 2983 1505 3062 practer
1528 2975 1630 3044 Lect.
1654 2975 1700 3044 Π.
1726 2984 1762 3044 et
1786 2975 1853 3044 ΠΙ.
1878 2975 1989 3046 Noot.

292 3035 460 3124 tislibet
486 3041 802 3145 pressacuris,
832 3067 886 3128 ac
911 3042 1128 3128 molestiis

293 3149 497 3254 fatigeta,
541 3153 586 3239 in
629 3158 759 3241 unius
792 3155 877 3240 Dei
912 3155 1128 3262 amplexu,
1546 3245 1556 3263 ‚
1753 3243 1778 3262 „

294 3286 427 3368 quem
444 3265 683 3352 virissimae
707 3265 813 3353 fidei
831 3293 919 3375 ope
936 3271 1127 3374 praesen·
1223 3359 1227 3368 ,
1246 3246 1399 3381 Sem&
1418 3252 1559 3380 8311911
1578 3243 1781 3348 (ἷῐθὲόΐῑῐ
1799 3245 1949 3380 Papaef

293 3384 384 3460 tem
417 3376 502 3463 gibi
532 3377 710 3466 assidue
739 3380 1012 3481 intuebgtur,
1047 3406 1128 3488 per
1182 3365 2015 3452 Ex110m11.34.mEvang.antememum.

293 3489 1128 3601 summamdelectationemacquiesce·
1484 3488 1637 3570 Lectio
1656 3489 1708 3568 iv.
2036 3561 2042 3574 .

293 3610 377 3704 rct;
403 3628 486 3689 nec
513 3604 633 3690 eliud
655 3605 886 3710 iucundius
914 3605 1128 3708 habuerit,
1189 3688 1217 3707 g,
1248 3636 1279 3723 χ»
1312 3631 1442 3692 ovem
1461 3605 1733 3709 Angelorum
1751 3605 1934 3693 ordines
1951 3609 2013 3694 di·

294 3737 428 3819 quam
446 3715 638 3802 assiduae
654 3717 853 3820 orationi
871 3720 1128 3823 majestatis·
1253 3728 1272 3779 ⁸1
1329 3719 1487 3822 cimus,
1524 3718 1627 3824 quia
1661 3719 1869 3806 videlicet
1904 3745 2014 3820 esse,

295 3850 381 3932 que
400 3826 561 3913 divinae
574 3829 941 3937 contemplationi
953 3835 1129 3916 vacere:
1195 3876 1223 3877 ff
1287 3835 1520 3917 testente
1551 3855 1680 3917 sacro
1717 3832 1898 3939 cloquio
1936 3833 2014 3918 sci·

293 3940 415 4045 cujus
439 3940 612 4028 coelesti
636 3941 869 4030 dulcedine
895 3942 1127 4049 perfunde·
1180 3971 1293 4029 mus:
1326 3943 1539 4047 Angelos,
1565 3943 1891 4049 Archangelos,
1918 3946 2014 4030 Vir·

293 4052 426 4137 betur
444 4053 521 4156 ita,
545 4064 594 4141 ut
612 4081 639 4141 a
657 4055 886 4162 corporeis
903 4055 1128 4141 abstricta
1179 4063 1310 4167 tutes,
1333 4057 1599 4157 Potestates,
1617 4056 1910 4164 Principetus,
1927 4057 2013 4143 Do·

294 4163 497 4251 sensibus
514 4166 559 4250 in
577 4167 831 4275 frequentes
850 4172 1044 4253 ecstases
1062 4193 1128 4253 ra·
1179 4169 1453 4270 minutiones,
1466 4166 1686 4268 Thronos,
1700 4168 1943 4255 Cherubim
1956 4183 2014 4256 at·

293 4279 487 4382 peretur.
518 4279 586 4364 Ex
602 4281 691 4366 hoc
707 4289 856 4366 autem
875 4289 967 4365 tam
983 4280 1128 4365 incen·
1182 4304 1267 4388 que
1291 4279 1533 4388 Seraphim.
1578 4279 1692 4364 Esse
1714 4306 1906 4390 namque
1928 4283 2013 4366 An-

295 4414 347 4475 so
363 4389 568 4478 inDeum
586 4396 737 4478 amore
758 4392 934 4496 egregia
952 4415 1042 4478 non
1060 4417 1128 4478 so·
1179 4393 1306 4497 gelos
1329 4401 1374 4478 et
1391 4391 1698 4497 Archangelos
1722 4417 1836 4498 pene
1862 4419 2016 4480 omnes

294 4501 386 4585 lum
404 4503 480 4588 illa
498 4503 724 4590 oriebatur
741 4504 958 4607 voluntas,
976 4529 1129 4590 unum·
1181 4505 1296 4591 sacri
1340 4504 1506 4610 eloquii
1558 4506 1734 4612 peginae
1778 4510 2016 4614 testantur:

295 4617 515 4721 quemque
548 4616 761 4718 consiliis,
798 4622 956 4723 opere,
991 4617 1128 4701 moni·
1181 4615 1420 4704 Cherubim
1459 4642 1569 4703 vero
1614 4629 1749 4725 atque
1786 4617 2016 4725 seraphim

293 4731 441 4834 iisque
482 4727 662 4834 juvendi
705 4729 764 4814 ad
809 4728 924 4816 bene
967 4728 1130 4835 pieque
1181 4733 1321 4840 saepe,¹
1347 4739 1396 4815 ut
1419 4738 1574 4815 notum
1598 4739 1682 4833 est,
1706 4729 1809 4815 libri
1825 4730 2015 4838 prophe·

295 4838 551 4943 vivendum,
596 4839 678 4926 sed
711 4841 963 4926 firmissima
997 4841 1131 4928 etiam
1180 4843 1592 4949 terumloquuntur.
1620 4843 1823 4946 Quetuor
1839 4867 2016 4950 quoque

295 4976 417 5059 spes,
443 4960 706 5061 samumque
728 4952 1014 5056 desiderium,
1040 4971 1130 5062 quo
1182 4953 1387 5040 ordinum
1418 4955 1596 5040 nomina
1627 4953 1790 5039 Paulus
1822 4958 2015 5060 Aposto-

296 5066 526 5173 corporeis
560 5066 747 5152 vinculis
782 5066 913 5167 solvi,
949 5077 995 5152 et
1031 5089 1131 5152 esse
1182 5068 1250 5152 lus
1270 5067 1328 5154 ad
1345 5065 1569 5174 Ephesios
1588 5074 1828 5167 enumerat,
1848 5065 2015 5154 dicens:

296 5202 397 5264 cum
421 5177 598 5265 Christo
620 5177 903 5264 vehementer
929 5177 1131 5284 optebat:
1182 5180 1327 5287 Supra
1345 5204 1521 5264 omnem
1539 5180 1855 5286 Principetum,
1873 5189 1921 5265 et
1938 5181 2015 5264 Po·

297 5289 1129 5489 renni
1181 5404 1475 5505 0
1488 5291 2016 5490 eram

296 5540 370 5608 mo
388 5515 710 5604 sexcentesimo
725 5513 940 5630 vigesimo
960 5524 1131 5622 quarto,
1183 5515 1395 5629 scribens,
1413 5514 1490 5602 ait:
1506 5516 1609 5604 Sive
1626 5515 1808 5618 Throni,
1825 5515 1922 5608 sive
1937 5516 2015 5604 Po·

1406 3115 1455 3194 In
1483 3116 1534 3194 II.
1562 3113 1787 3194 Nocturno.
