4378 6202
303 511 373 585 18*
907 531 1024 602 Festa
1046 530 1225 620 Augusti.
1248 531 1313 616 uu
1338 531 1402 618 ro.)

306 702 381 809 qui
404 700 531 788 timet
554 703 804 789 Dominum.
845 704 942 808 Qua
965 704 1135 790 ratione
1185 707 1354 811 ptoque
1381 704 1537 791 habitu
1557 706 1699 792 Tertii
1721 707 1899 794 Ordinis
1923 735 2017 794 san·

303 811 486 900 beatus?
522 816 635 918 Quia
652 817 697 900 in
714 813 934 903 mandatis
945 817 1045 923 ‚ejus
1063 840 1133 902 cu·
1186 815 1246 902 cti
1263 817 1486 904 Francisci
1503 819 1697 922 vittorio,
1721 821 1766 903 in
1783 831 1935 928 partes
1952 847 2017 907 se·

302 927 370 1034 pit
387 926 528 1040 nimis.
1187 931 1320 1020 cessit
1341 931 1483 1016 ltiliae
1507 931 1566 1020 ad
1589 931 1739 1028 limina
1765 937 2019 1020 sanctorum

354 1050 405 1156 ll.
431 1042 555 1130 Stola
574 1043 868 1150 jucunditatis.
1185 1044 1506 1153 Apostolorum
1529 1045 1735 1151 religiose
1755 1048 2018 1135 veneranda.

352 1169 399 1239 ln
421 1168 486 1240 ΙΠ.
507 1167 707 1242 Nocturno
731 1170 906 1242 Humilia
925 1171 967 1242 in
984 1171 1130 1260 evang.
1238 1170 1290 1274 Ru
1315 1169 1566 1254 Honestum
1582 1167 1698 1256 fecit.

303 1260 346 1334 Si
370 1260 458 1352 quis
478 1261 572 1334 vult
592 1266 641 1336 de
664 1266 869 1338 Communi
891 1269 921 1338 2.
944 1268 1043 1338 loco.
1496 1323 1648 1407 Lectio
1668 1351 1706 1406 V·

383 1457 405 1514 ὃ
485 1410 612 1552 ,Di-e
630 1413 691 1554 ,Μ’
709 1410 909 1518 Auss¹¹⁸fi⁴
951 1537 973 1553 „
1266 1472 1430 1554 umque
1441 1447 1670 1556 popularis
1687 1447 1782 1534 lues
1800 1473 1914 1554 pene
1933 1438 2016 1532 sin·

432 1535 539 1663 (lires
563 1557 706 1664 ³⁸⁸²&
732 1559 781 1609 ex
800 1538 999 1664 ²9:³³¹&
1288 1561 1391 1666 gula
1413 1560 1580 1669 oppida
1607 1564 1819 1662 vastaret,
1850 1566 2018 1646 servire

324 1644 369 1728 Β·
387 1641 688 1748 ffl⁰r⁰nym¹
705 1643 967 1729 AEfflham
984 1647 1105 1764 COUs·
1183 1672 1229 1757 in
1265 1674 1455 1782 publicis
1494 1672 1770 1759 infirmorum
1812 1672 2017 1782 hospitiis

460 1882 467 1895 ,
585 1883 592 1898 ,
633 1769 813 1898 Duplex..
897 1884 904 1899 ,
1096 1880 1119 1896 μ
1183 1789 1430 1896 proposuit
1469 1788 1538 1873 Ac
1554 1787 1748 1894 primum
1766 1788 2016 1896 Aquaepen·

302 1879 1134 1992 Q
1185 1899 1399 2003 dentium,
1432 1901 1634 2006 Cesenae,
1667 1901 1828 1988 dehinc
1858 1902 2018 1988 Romae

267 2035 270 2042 '
406 2023 409 2028 “
525 2027 610 2115 Die
628 2031 689 2113 16.
709 2029 909 2134 Augusti
1184 2015 1275 2100 suis
1293 2014 1517 2123 precibus,
1540 2016 1629 2102 imo
1649 2027 1694 2103 et
1712 2021 1936 2120 contactu,
1961 2017 2017 2101 si·

444 2160 489 2243 s,
517 2159 676 2245 300121
705 2162 994 2247 confessoris,
1183 2133 1360 2236 guoque
1379 2130 1520 2216 crucis
1537 2130 1768 2238 impresso
1785 2140 1929 2216 tactos
1942 2154 2018 2238 pe·

563 2283 721 2373 Duplex
737 2287 873 2374 majus.
1185 2243 1349 2376 stilenti
1364 2243 1490 2376 febre
1504 2244 1718 2352 plurimos
1733 2243 1930 2376 perfecte
1945 2270 2018 2329 cu·

354 2395 494 2466 Omnia
521 2395 569 2466 de
598 2397 743 2469 Comm.
768 2363 889 2469 Confs
907 2417 986 2467 non
1010 2395 1132 2485 Pom,
1185 2361 1315 2442 ΓάἯῗῖ
1339 2357 1557 2490 ΒΨΙῙΪΨῙῘ)
1578 2358 1697 2490 ,[39ῗο
1719 2357 1885 2490 issflhlfl
1904 2358 2019 2490 Lon·

300 2500 445 2580 praeter
467 2495 680 2582 sequentia.
1184 2470 1414 2576 gobitrdlae
1434 2471 1624 2578 6pp1d18,
1641 2497 1685 2554 1n
1704 2471 1865 2578 qulbus
1878 2481 2020 2578 pestls

638 2608 804 2690 Oratio
1185 2584 1457 2671 desaeviebat
1479 2584 1750 2671 Placentiam
1771 2585 1907 2689 venit,
1931 2584 2019 2688 ubi,

394 2712 576 2819 opulum
601 2722 742 2814 tuum,
774 2715 1025 2819 quaesumus
1043 2713 1132 2797 Do.
1185 2697 1291 2783 dum
1314 2701 1508 2804 aegrotos
1533 2724 1613 2783 sua
1636 2722 1739 2806 ope,
1765 2708 1810 2784 et
1833 2697 2020 2806 opittda·

412 2827 546 2928 mine,
572 2829 780 2911 continua
802 2825 970 2933 pietate
987 2830 1132 2911 custo.
1184 2811 1305 2896 tione
1328 2811 1514 2913 refovet,
1537 2815 1836 2919 praemonetur
1860 2836 1885 2895 a
1909 2812 2020 2913 Deo,

302 2937 364 3041 di;
396 2948 441 3024 et
467 2936 588 3026 beati
615 2937 761 3023 Rochi
792 2935 1133 3043 suffragantibus
1186 2950 1235 3011 ⁵0
1264 2924 1397 3010 &fiam
1422 2925 1546 3029 gravi
1572 2924 1732 3010 morbo
1764 2927 2021 3012 conflictum

301 3054 482 3156 moritis,
501 3051 557 3139 ab
577 3053 696 3138 omni
713 3052 783 3136 sae
803 3053 959 3136 animae
976 3063 1021 3138 et
1039 3055 1132 3137 cor.
1184 3037 1248 3122 iri.
1288 3037 1409 3124 Inter
1429 3063 1481 3124 ea
1499 3039 1693 3142 graviter
1712 3036 1867 3125 dolens
1886 3064 1941 3123 ex
1960 3038 2020 3122 fe·

300 3167 425 3273 poris
469 3166 733 3272 contagione
778 3170 992 3250 securum,
1046 3165 1133 3251 Per
1185 3175 1310 3236 more
1346 3156 1505 3257 sagitta
1541 3152 1776 3254 transfixo,
1818 3152 2021 3237 dolorem

301 3277 540 3365 Dominum
566 3288 778 3364 nostrum.
1185 3265 1321 3351 vincit
1340 3267 1570 3374 patientia,
1595 3277 1639 3351 et
1663 3263 1909 3351 admirabili
1929 3268 2020 3351 ani·

352 3403 398 3473 In
412 3404 440 3474 l.
457 3401 657 3474 Nocturno
673 3402 878 3476 Lectiones
898 3405 1045 3477 Beatus
1060 3401 1132 3476 vir.
1185 3379 1246 3463 mi
1268 3378 1542 3482 fortitl'ldin83
1567 3379 1685 3465 unde
1707 3384 1948 3483 remedius,
1976 3391 2022 3466 et

301 3500 350 3570 de
372 3499 587 3572 Communi.
1186 3492 1363 3578 sanitati
1376 3494 1606 3579 restitutus
1620 3495 1788 3600 edgitat
1803 3492 1859 3579 de
1873 3494 2022 3581 reditu

533 3631 584 3712 111
606 3631 658 3711 11,
679 3630 903 3713 nocturno,
1184 3606 1229 3690 in
1247 3604 1462 3691 ditionem
1480 3631 1617 3691 suam.

594 3761 748 3846 Lectio
767 3762 822 3846 iv.
1235 3729 1288 3836 Ii·
1314 3727 1494 3813 Amavit
1513 3753 1624 3814 eum.
1785 3765 1792 3816 ι

405 3885 569 3979 ochus
601 3887 829 3976 confessor
865 3914 920 3975 ex
940 3888 1132 3991 tonnus,
1486 3873 1638 3959 LecfiO
1652 3874 1708 3958 Vi·

310 4016 320 4099 r}
447 4011 491 4086 et
504 4001 686 4106 Franca,
706 4028 806 4110 quae
826 4002 959 4088 etiam
971 4001 1133 4090 Lrbera
1185 3987 1263 4202 In
1298 4001 1473 4104 itinere,
1508 4001 1690 4088 morbus
1724 4024 1867 4106 usque
1905 3998 2021 4085 adeo

310 4118 319 4125 ‘'
409 4113 419 4145 ²
444 4113 796 4222 soletappellari,
811 4115 1000 4203 dominis
1009 4117 1130 4202 Mon·
1263 4115 1464 4218 acerbus,
1490 4125 1536 4202 et
1554 4122 1711 4201 acutus
1729 4113 1912 4199 beatum
1929 4113 2019 4199 Ro·

299 4227 356 4312 tis
375 4226 603 4312 Pessulani
623 4227 778 4335 oppidi
795 4229 840 4314 in
860 4228 1005 4315 Gallia
1022 4231 1130 4316 Nar-
1185 4225 1316 4312 chum
1334 4229 1539 4334 exigitat,
1561 4229 1673 4315 utin
1696 4226 1888 4336 quadam
1907 4227 2020 4313 silva

299 4339 487 4426 bonensi
513 4351 660 4444 natus,
693 4348 1016 4450 quamprimum
1042 4343 1130 4432 edi·
1185 4339 1426 4427 subsistere
1441 4346 1622 4428 necesse
1636 4340 1852 4442 habuerit,
1868 4350 1913 4426 et
1924 4367 2018 4426 ver·

300 4463 373 4539 tus
403 4463 471 4539 est
497 4453 542 4539 in
567 4453 683 4539 hanc
706 4456 867 4558 lucem,
895 4459 1038 4544 crucis
1062 4485 1130 4544 ru·
1184 4458 1284 4538 sare
1300 4480 1348 4541 se
1365 4457 1486 4542 varie
1501 4454 1583 4540 sub
1600 4455 1771 4556 arbore,
1790 4455 1911 4539 omni
1926 4455 2017 4562 qui·

299 4566 393 4652 brae
425 4567 650 4656 schemate
676 4571 796 4655 visus
825 4581 893 4657 est
917 4572 1131 4676 insigniri:
1184 4567 1285 4654 dem
1311 4567 1505 4656 humano
1537 4567 1735 4654 subsidio
1768 4567 2018 4669 destitutus,

299 4681 421 4788 quod
445 4682 707 4790 praeclaram
729 4683 940 4786 indolem,
968 4711 1021 4770 ac
1045 4687 1129 4770 vir·
1184 4681 1264 4768 sed
1300 4683 1398 4769 Deo
1434 4683 1633 4790 impense
1670 4681 2015 4768 commenditus.

297 4802 439 4880 tutem
483 4795 790 4905 portendebat.
849 4798 907 4882 Et
951 4797 1130 4905 quidem
1184 4796 1316 4901 Cujus
1345 4796 1624 4904 providentia
1654 4795 1865 4901 singulari
1895 4795 2015 4880 canis

299 4917 383 4994 aiio
403 4910 548 4995 aetatis
566 4908 830 4994 duodecimo
846 4910 984 5017 coepit
996 4937 1131 5018 parce
1184 4909 1410 5015 cujusdam
1427 4910 1512 4994 viri
1532 4907 1693 4995 nobilis
1717 4908 1917 5017 quotidie
1937 4934 2015 5017 pa·

299 5030 344 5107 et
372 5021 541 5107 duriter
567 5027 733 5125 vivere,
760 5048 812 5108 ac
834 5021 933 5108 Deo
961 5023 1128 5109 ferven-
1182 5049 1283 5108 nem
1309 5024 1348 5107 ei
1373 5022 1431 5109 ad
1457 5024 1623 5108 victum
1650 5022 1838 5108 diarium
1865 5021 2015 5108 affere·

297 5135 386 5219 tius
430 5134 640 5220 famulari.
700 5137 827 5224 Circa
870 5136 1129 5242 vigesimum
1182 5135 1271 5220 bat.
1298 5136 1411 5222 Inde
1429 5137 1625 5223 Montem
1642 5135 1933 5222 Pessulitnum
1949 5159 2015 5220 re·

297 5272 405 5333 vero
425 5274 599 5352 annum,
623 5249 844 5336 defunctis
861 5251 1128 5360 parentibus,
1182 5252 1373 5352 gressus,
1391 5250 1482 5355 (ubi
1499 5259 1604 5336 tunc
1621 5250 1836 5357 temporis
1850 5249 2014 5335 incom-

298 5361 587 5447 substantiam
608 5363 818 5471 expendit
834 5364 880 5466 in
898 5371 1128 5472 pauperes,
1181 5363 1354 5468 positus
1373 5377 1468 5448 erat
1486 5362 1762 5470 Reipublicae
1780 5365 1948 5468 status),
1969 5373 2014 5449 et

296 5474 532 5581 ipsumque
546 5476 745 5562 Mortem
758 5476 1047 5562 Pessuldnum
1060 5481 1130 5585 pa-
1181 5500 1264 5582 pro
1286 5476 1567 5583 exploratore
1590 5474 1783 5578 habitus,
1803 5479 1850 5560 in
1867 5479 2013 5562 circe·

297 5595 398 5673 truo
415 5587 736 5695 possidendum
753 5590 946 5699 reliquit3
964 5615 1128 5676 assum·
1180 5614 1274 5676 rem
1303 5590 1386 5676 fuit
1413 5590 1653 5696 conjecus,
1686 5598 1732 5676 et
1757 5588 2012 5677 calamitati·
