4354 6184
877 499 993 568 Festa
1016 497 1119 584 Maii.
1143 497 1198 582 (ὦ.)

168 675 414 785 epigraphe
437 676 590 763 saeculi
606 674 845 780 undecimi,
872 677 1007 764 conti·
1057 705 1180 763 mum
1196 704 1297 782 ,non
1333 679 1646 780 manufactam,
1682 682 1895 765 aetemam

166 814 279 892 pens
307 815 413 878 ossa
439 816 540 899 quae
565 800 671 896 post
694 789 897 898 corporis
922 789 1007 874 fur-
1058 791 1103 874 in
1119 791 1256 879 coelis.
1285 791 1330 876 N
1330 815 1402 876 am
1420 799 1466 876 et
1483 791 1528 874 in
1545 787 1633 875 hoc
1650 790 1893 895 ingemisei-

167 913 263 992 tum
306 902 369 992 ibi
411 905 727 989 remanserant.
784 903 1005 990 Eventum
1058 929 1173 1006 mus,
1200 902 1518 991 habitationem
1546 911 1766 1007 nostram,
1793 928 1894 1011 quae

168 1041 331 1120 magna
352 1015 635 1103 solemnitate
654 1014 928 1103 celebratum
944 1015 1006 1102 lu·
1058 1016 1117 1102 de
1134 1016 1250 1102 coelo
1270 1026 1348 1117 est,
1374 1012 1632 1122 superindui
1650 1015 1894 1122 cupientes:

169 1130 389 1216 culentius
406 1129 602 1238 ostendit
619 1130 833 1234 majorem
850 1134 1007 1238 corpo·
1059 1129 1097 1216 si
1114 1139 1264 1216 tamen
1283 1129 1448 1230 vestiti,
1470 1153 1560 1213 non
1578 1126 1685 1212 nudi
1702 1127 1893 1214 invenia-

168 1245 231 1329 ris
269 1252 443 1351 partem
477 1241 599 1328 illinc
632 1243 768 1328 fuisse
802 1241 1007 1344 ablatam,
1058 1249 1167 1327 mur.
1218 1242 1335 1327 Nam
1366 1251 1411 1328 et
1443 1240 1518 1348 qui
1550 1265 1701 1326 sumus
1731 1240 1777 1325 in
1807 1240 1895 1327 hoc

169 1361 314 1463 eaque
344 1354 512 1443 Urbem
542 1355 901 1442 Panormitanam
935 1381 1007 1442 ex·
1057 1354 1357 1456 tabernaculo,
1370 1352 1699 1457 ingemiscimus
1706 1353 1894 1456 gravati:

168 1470 339 1556 stitisse
357 1467 554 1555 ditatam.
1058 1494 1114 1555 eo
1142 1466 1265 1575 quod
1289 1466 1497 1552 nolumus
1524 1464 1782 1575 exspoliari,
1813 1464 1895 1551 sed

226 1595 280 1696 ll.
304 1588 557 1690 Afferentur
574 1590 699 1694 Regi.
1057 1579 1363 1688 supervestiri,
1387 1587 1437 1664 ut
1460 1577 1753 1664 absorbeatur
1772 1576 1894 1684 quod

230 1728 274 1797 m
298 1725 364 1796 111.
388 1725 589 1795 nocturno
606 1723 778 1795 nomina
800 1726 841 1794 rn
861 1725 1008 1812 evang.
1057 1693 1246 1778 mortale
1264 1701 1333 1778 est
1350 1691 1496 1776 avita.
1531 1689 1618 1792 Qui
1636 1698 1785 1776 autem
1803 1688 1894 1774 effi-

174 1823 308 1896 simile
345 1824 420 1898 erit
454 1843 618 1915 regnum
651 1824 840 1898 eoelorum
873 1825 1008 1897 decem
1058 1805 1119 1891 cit
1135 1830 1216 1890 nos
1234 1805 1280 1888 in
1296 1803 1384 1889 hoc
1401 1801 1559 1910 ipsum,
1575 1801 1707 1903 Deus,
1727 1800 1803 1908 qui
1819 1800 1893 1887 de·

170 1922 401 2014 vifsfflbffi·
428 1921 476 1991 de
502 1919 648 1992 Comn.
675 1922 959 2010 Virg.1.loco.
1059 1916 1124 2004 dit
1141 1917 1272 2003 nobis
1288 1917 1450 2025 pignus
1467 1915 1660 2023 spiritus.
1700 1912 1893 2000 Audien-

228 2037 301 2120 Ad
326 2035 489 2119 Bened.
516 2037 617 2121 Ant.
643 2033 864 2120 Liberasti
886 2058 1008 2119 mea
1057 2040 1127 2116 tes
1158 2031 1292 2135 igitur
1327 2053 1523 2136 semper,
1560 2026 1751 2112 seientes
1787 2031 1893 2133 quo·

171 2149 446 2254 rugientibus
472 2147 737 2254 praeparatis
764 2143 823 2231 ad
849 2171 1007 2246 escam,
1058 2145 1185 2244 niam,
1205 2142 1311 2228 dum
1326 2141 1535 2227 sumusin
1550 2144 1751 2246 corpore,
1769 2163 1894 2246 pere·

172 2262 230 2349 de
259 2261 464 2347 manibus
496 2258 787 2367 quaerentium
818 2259 1009 2345 animam
1057 2256 1281 2361 grinamur
1326 2280 1353 2340 a
1388 2252 1582 2340 Domino
1623 2255 1719 2359 lper
1758 2250 1892 2337 fidem

171 2393 327 2478 meam,
350 2383 395 2460 et
414 2399 441 2458 a
459 2377 669 2478 pressura
685 2372 887 2472 flammae,
906 2395 1008 2476 quae
1058 2369 1175 2455 enim
1192 2368 1485 2468 ambulamus,
1510 2375 1556 2452 et
1579 2390 1669 2450 non
1691 2389 1773 2472 per
1794 2367 1892 2470 spe-

171 2483 466 2574 circumdedit
481 2509 564 2570 me.
1058 2483 1198 2585 ciem).
1238 2479 1467 2566 Audemus
1485 2487 1644 2580 autem,
1666 2486 1713 2563 et
1727 2476 1893 2563 bonam

225 2621 277 2700 In
294 2619 347 2698 11.
363 2617 588 2721 vesperis.
618 2616 878 2719 riorragnrf.
907 2617 1006 2699 Ant.
1058 2594 1333 2679 voluntatem
1359 2590 1575 2677 habemus
1601 2587 1741 2693 magu
1767 2612 1891 2696 oere-

176 2737 273 2817 Deo
292 2740 441 2817 autem
457 2729 640 2834 gratias,
665 2728 740 2834 qui
760 2725 884 2814 dedit
900 2726 1006 2810 mihi
1057 2705 1221 2812 grineri
1256 2730 1283 2790 a
1318 2707 1527 2811 corpore,
1567 2712 1613 2789 et
1647 2704 1893 2809 presentes

172 2844 405 2931 victoriam
435 2867 516 2950 per
542 2841 781 2928 Delminum
807 2849 1007 2926 nostrum
1058 2844 1157 2906 esse
1177 2817 1234 2904 ad
1248 2819 1498 2904 Dominum
1525 2817 1583 2900 Et
1596 2815 1700 2902 ideo
1715 2817 1892 2900 conten·

171 2959 323 3044 Iesum
341 2955 574 3042 Christum.
1058 2931 1214 3034 dimus,
1234 2932 1329 3017 sive
1347 2931 1565 3032 absentes,
1589 2929 1683 3015 sive
1701 2930 1929 3033 praesen.

171 3079 1005 3096 --·-·-·-···*··-
1056 3055 1138 3148 tes,
1154 3044 1334 3154 placere
1350 3043 1424 3128 illi

455 3145 729 3250 D105·M³ii·
1113 3157 1165 3264 lo.
1188 3158 1357 3244 Beatus
1375 3155 1455 3239 vir.

172 3287 218 3374 S.
242 3283 425 3388 angeli
450 3283 701 3388 Presbyteri
731 3294 775 3367 et
799 3283 1004 3388 Martyris
1370 3271 1525 3354 Lectio
1545 3272 1585 3352 ii.

314 3398 491 3482 Ordinis
514 3397 857 3479 Carmelitarunr
1065 3375 1269 3587 Omnes
1322 3379 1439 3467 enim
1489 3402 1573 3463 nos
1623 3375 1892 3462 manifestari

171 3521 328 3608 Duplex
344 3521 467 3608 majus
485 3538 556 3607 pro
574 3518 696 3588 Dioec.
712 3517 1004 3588 Panormitana:
1170 3499 1351 3603 Oportet
1373 3500 1475 3577 ante
1499 3487 1694 3576 tribt'lnal
1718 3486 1892 3588 Christi,

173 3618 244 3688 sed
267 3619 424 3704 Duplex
446 3635 518 3704 pro
542 3615 716 3684 Dioecesi
738 3615 1004 3701 Agrigentino.
1057 3620 1107 3696 ut
1149 3607 1313 3693 referat
1360 3605 1666 3710 unusquisque
1709 3599 1892 3707 prepria

228 3728 368 3800 Omnia
412 3727 698 3799 decommum
741 3728 857 3798 unius
895 3727 1004 3797 Mmt.
1058 3721 1272 3830 corporis,
1291 3727 1426 3826 prout
1438 3713 1588 3820 gessit,
1607 3713 1701 3799 sive
1713 3711 1892 3812 bonum,

173 3842 288 3915 temp.
311 3825 461 3912 Pasch,
484 3831 626 3912 praeter
650 3843 756 3912 sequ.
1057 3836 1152 3923 sive
1178 3833 1352 3920 malum.
1404 3829 1603 3916 Scientes
1632 3848 1739 3928 ergo
1765 3823 1891 3910 timo·

509 3947 675 4032 Oratio.
1057 3975 1153 4036 rem
1165 3945 1357 4047 Domini,
1374 3939 1626 4029 hominibus
1644 3935 1892 4038 suademus,

260 4065 359 4153 lebs
378 4073 469 4167 tua,
488 4061 695 4162 Domine,
717 4060 839 4146 beati
856 4059 1006 4146 Sacer·
1057 4064 1157 4149 Deo
1172 4071 1320 4148 autem
1331 4054 1554 4143 manifesti
1565 4077 1729 4138 sumus.
1748 4051 1891 4159 Spero

290 4177 410 4264 dotis
441 4185 487 4263 et
512 4173 720 4281 Martyris
745 4173 810 4258 tui
835 4172 1007 4277 Angeli,
1059 4185 1208 4261 autem
1242 4181 1288 4259 et
1330 4171 1378 4255 in
1413 4162 1696 4254 conscientiis
1732 4162 1891 4249 vestris

173 4303 219 4378 te
237 4287 558 4395 glorificatione
582 4284 845 4372 sanctificet:
868 4293 913 4371 et
935 4288 1006 4370 eo·
1057 4286 1315 4374 manifestos
1339 4307 1423 4369 nos
1448 4303 1560 4367 esse.
1602 4275 1706 4363 Non
1732 4280 1892 4362 iterum

174 4405 279 4492 dem
305 4427 483 4510 semper
508 4404 739 4508 precante,
768 4409 815 4486 te
841 4400 1007 4484 merea·
1059 4397 1422 4487 commendamus
1444 4416 1528 4479 nos
1545 4390 1691 4492 vobis,
1716 4388 1797 4475 sed
1819 4412 1890 4474 oc·

173 4529 248 4604 tur
266 4515 430 4602 habere
448 4517 678 4600 rectorem.
704 4511 790 4596 Per
808 4510 937 4594 Dim.
1059 4513 1283 4599 easionem
1316 4509 1474 4596 damus
1506 4504 1636 4592 vobis
1673 4498 1892 4608 gloriandi

421 4681 519 4762 1111.
538 4679 762 4761 ,400th
1058 4651 1142 4734 pro
1158 4624 1305 4712 nobis:
1327 4633 1377 4708 ut
1399 4619 1602 4706 habeatis
1620 4615 1680 4702 ad
1697 4639 1793 4718 eos,
1817 4615 1893 4721 qui

346 4823 357 4846 ,
594 4823 605 4844 ,
840 4813 850 4832 .
995 4812 1005 4832 .
1058 4740 1103 4824 in
1121 4736 1234 4823 facie
1247 4735 1502 4841 gloriantur,
1521 4739 1567 4815 et
1584 4754 1674 4814 non
1688 4728 1733 4811 in
1747 4725 1892 4813 eorde.

174 4825 243 4906 De
269 4817 475 4929 Epistola
506 4814 702 4903 secunda
732 4814 854 4901 beatr
881 4811 1008 4897 Panlr
1057 4850 1161 4936 Sive
1178 4849 1295 4936 enim
1316 4856 1464 4933 mente
1481 4840 1753 4942 excedimus,
1776 4839 1892 4923 Deo:

303 4929 511 5040 AP⁶⁵t⁰li
537 4926 596 5015 ad
623 4926 888 5014 COffnthiffl·
1059 4965 1153 5050 sive
1177 4961 1315 5049 sobrii
1337 4982 1505 5060 sumus,
1531 4954 1672 5042 vobis.
1720 4951 1892 5038 Caritas

251 5071 403 5154 Lectio
422 5073 446 5154 i.
770 5065 874 5170 Cap·
889 5065 928 5146 5·
1059 5077 1177 5165 enim
1204 5073 1367 5161 Christi
1392 5078 1521 5176 urget
1546 5092 1647 5154 nos:
1674 5065 1892 5150 aestiman·

275 5200 416 5288 cimus
433 5200 567 5301 enim,
592 5197 801 5305 quoniam
818 5195 857 5281 si
873 5199 1006 5282 terre-
1059 5200 1128 5278 tes
1142 5188 1240 5292 hoc,
1258 5185 1466 5294 quoniam
1479 5183 1518 5267 si
1531 5206 1645 5267 unus
1658 5203 1742 5288 pro
1757 5175 1890 5263 omni-

174 5211 393 5492 .stris
407 5313 568 5400 domus
581 5320 734 5398 nostra
746 5309 874 5416 hujus
886 5307 1006 5393 habi·
1058 5302 1144 5389 bus
1161 5304 1362 5388 mortuus
1380 5307 1460 5398 est,
1478 5320 1585 5399 ergo
1604 5315 1758 5380 omnes
1776 5293 1890 5376 mor·

219 5482 222 5483 f
255 5460 257 5465 ¹
286 5426 468 5515 tationis
483 5422 764 5526 dissolvatur,
779 5418 1010 5530 quodaedi·
1058 5416 1125 5504 tui
1147 5423 1264 5500 sunta
1288 5423 1333 5500 et
1354 5436 1438 5520 pro
1464 5408 1668 5497 omnibus
1692 5409 1892 5491 mortuus

174 5541 428 5630 ficationem
456 5563 514 5626 ex
538 5539 639 5625 Deo
670 5536 899 5638 habemus,
932 5531 1008 5619 do·
1060 5538 1130 5618 est
1147 5525 1363 5614 Christus:
1380 5535 1444 5628 ut,
1462 5533 1508 5611 et
1526 5521 1602 5629 qui
1619 5519 1892 5624 virontiam
