4402 6190
569 515 772 586 Dominica
795 517 821 586 I.
847 517 1024 604 Augusti.
1070 519 1111 588 B.
1137 519 1183 587 lll.
1204 517 1249 588 V.
1277 519 1323 588 dc
1347 519 1532 590 Mercede.
1833 517 1900 589 51*

301 705 452 789 Lectio
473 707 529 788 iii.
765 709 919 815 Capti.
1305 713 1354 792 In
1381 713 1431 792 II.
1460 712 1683 793 Nocturno.

282 843 353 904 uae
380 826 448 904 est
473 817 576 918 ista,
610 841 710 924 quae
741 814 940 901 aseendit
967 815 1023 902 de
1132 835 1230 917 nnn.
1266 834 1410 914 ravus
1441 827 1658 915 distillans
1683 832 1801 920 labia
1827 843 1905 922 tua

313 930 508 1030 deserto,
536 928 705 1016 deficiis
732 928 935 1032 effluens,
961 931 1022 1014 in·
1075 964 1257 1048 sponsa,
1281 941 1369 1026 mel
1392 950 1436 1028 et
1457 942 1527 1028 lac
1545 942 1793 1050 sublingua
1811 958 1905 1035 tua:

192 1049 296 1129 nixa
327 1068 461 1152 super
491 1040 700 1128 dilectum
728 1037 881 1128 suum?
933 1042 1023 1131 Sub
1075 1063 1120 1138 et
1134 1050 1247 1138 odor
1259 1053 1621 1142 vestimentorum
1634 1062 1810 1145 morum
1823 1061 1904 1147 sie-

192 1157 355 1244 arbore
379 1157 496 1243 malo
520 1155 733 1241 suscitavi
755 1163 816 1241 te:
842 1154 904 1241 ibi
929 1181 1022 1243 cor·
1075 1177 1124 1250 ut
1141 1165 1255 1252 odor
1271 1157 1422 1252 thuris.

193 1277 323 1378 rupta
343 1282 411 1357 est
427 1280 568 1355 mater
584 1280 671 1372 tua,
691 1269 753 1356 ibi
771 1267 937 1355 violata
956 1279 1024 1356 est
1130 1285 1229 1367 Ant.
1258 1280 1451 1368 Ostende
1471 1281 1579 1366 mihi
1597 1283 1754 1369 faeiem
1772 1295 1905 1390 tuam,

193 1383 383 1486 genitrix
399 1394 488 1471 tua
525 1383 649 1468 Pone
671 1407 742 1467 me
758 1392 807 1469 ut
825 1383 1023 1487 signacu-
1076 1401 1205 1478 sonet
1218 1418 1307 1479 vox
1324 1401 1400 1479 tua
1418 1394 1464 1479 iu
1478 1395 1656 1482 alitibus
1672 1398 1798 1483 meis:
1816 1426 1905 1486 vox

193 1496 285 1581 lum
298 1522 432 1606 super
445 1521 523 1584 cor
538 1507 672 1600 tuum,
689 1504 740 1583 ut
752 1494 1024 1600 signaculum
1077 1505 1193 1591 enim
1216 1516 1294 1591 tua
1319 1505 1476 1609 duleis,
1505 1517 1549 1594 et
1574 1507 1708 1594 iacies
1731 1520 1807 1597 tua
1831 1511 1904 1598 de-

194 1635 330 1717 super
353 1611 581 1697 brachium
604 1619 745 1696 tuum:
771 1609 874 1716 quia
897 1609 1025 1696 fortis
1077 1622 1192 1705 cera.

194 1734 330 1811 estut
347 1749 468 1830 mors
487 1723 678 1826 dilectio
703 1723 812 1809 dura
831 1724 946 1810 sicut
962 1724 1023 1807 in·
1128 1730 1228 1814 Ant.
1258 1731 1464 1819 Gloriosa
1490 1733 1610 1822 dicta
1637 1743 1739 1822 sunt
1765 1734 1820 1823 de
1847 1748 1904 1842 te,

194 1837 343 1921 fernus
378 1837 621 1923 aemulatio:
655 1835 885 1944 lampades
922 1837 1024 1943 eius,
1076 1845 1233 1930 civitas
1259 1844 1354 1930 Dei.

193 1949 425 2057 lampades
442 1951 566 2054 ignis,
586 1959 719 2056 atque
738 1949 1024 2035 flammarum.
1127 1951 1178 2056 ll.
1197 1958 1300 2045 Non
1313 1959 1419 2046 iecit
1431 1960 1578 2048 taliter
1592 1963 1710 2046 omni
1727 1963 1904 2049 nationi

99 2167 107 2178 ⁸
194 2064 340 2170 Aquae
370 2063 522 2149 multae
552 2088 640 2150 non
675 2066 916 2171 potuerunt
952 2089 1024 2149 ex·
1077 2078 1127 2183 ip.
1153 2072 1211 2157 Et
1227 2072 1387 2179 judicia
1405 2099 1484 2159 sua
1501 2099 1592 2160 non
1610 2075 1906 2163 manifestavit

195 2180 417 2282 stinguere
450 2179 698 2278 caritatem,
729 2199 813 2262 nec
844 2176 1024 2262 flumina
1076 2186 1151 2270 eis.

195 2288 383 2375 obruent
424 2289 579 2376 illamz.
607 2291 645 2374 si
680 2287 854 2376 dederit
887 2290 1022 2376 homo
1377 2283 1528 2366 Lectio
1550 2283 1601 2362 ir.

194 2427 369 2489 omnem
409 2403 700 2490 substantiam
736 2402 895 2489 domus
930 2428 1024 2489 suae
1078 2412 1089 2485 i
1105 2414 1181 2487 εἰ»
1201 2426 1259 2487 uo
1290 2405 1494 2509 tempore
1525 2407 1683 2511 major,
1718 2405 1905 2493 felicior-

191 2542 275 2625 pro
308 2515 559 2618 dilectione,
592 2516 719 2624 quasi
744 2515 853 2600 nihil
879 2516 1021 2624 despi·
1083 2486 1173 2627 ,iii
1218 2539 1304 2622 que
1331 2517 1645 2624 Hispaniarum
1673 2544 1779 2626 pars
1807 2517 1904 2607 diro
1975 2535 1978 2542 “

193 2630 281 2715 ciet
304 2655 414 2716 eam
458 2631 595 2715 Soror
617 2639 771 2715 nostra
794 2655 951 2738 parva,
978 2639 1023 2716 et
1172 2626 1191 2647 ”
1216 2630 1536 2718 Saracenorum
1572 2632 1905 2741 opprimebatur

192 2743 330 2831 ubera
360 2768 451 2829 non
484 2742 637 2830 habet:
674 2739 782 2849 quid
812 2741 1023 2828 faciemus
1073 2745 1192 2851 jugo,
1217 2744 1521 2851 innumerique
1544 2743 1699 2832 fideles
1722 2746 1806 2835 sub
1827 2747 1904 2831 im·

192 2855 336 2942 sordri
359 2867 526 2956 nostrae
548 2855 593 2941 in
618 2855 689 2942 die
716 2852 893 2964 quando
919 2853 1022 2940 allo·
1075 2857 1192 2941 mani
1210 2857 1438 2960 servitute,
1459 2857 1655 2944 maximo
1676 2883 1777 2944 cum
1793 2863 1905 2967 peri·

194 2968 368 3078 quenda
386 2967 476 3056 esti
503 2971 550 3057 Si
566 2995 717 3056 murus
736 2977 815 3072 est,
833 2966 1022 3054 aedifice·
1075 2970 1175 3056 culo
1209 2968 1469 3057 Christianae
1504 2970 1610 3059 tidei
1642 2970 1906 3078 abjurandae,

191 3109 289 3169 mus
314 3107 574 3191 supereum
599 3082 931 3191 propugnacula
957 3107 1022 3168 ar·
1062 3081 1417 3192 ¹remittendaque
1443 3085 1598 3172 sallitis
1622 3089 1818 3189 aetemae,
1843 3085 1905 3170 in-

190 3201 364 3302 gentea:
382 3197 421 3282 si
431 3197 592 3284 estium
602 3206 679 3299 est,
691 3196 1022 3303 compingamus
1073 3197 1258 3282 feliciter
1289 3195 1621 3302 detinebantur,
1651 3198 1907 3286 beatissima

191 3309 301 3398 illud
321 3311 485 3399 tabulis
503 3309 705 3397 cedrinis.
744 3311 841 3414 Ego
860 3335 1021 3412 murus,
1075 3308 1290 3395 coelerum
1303 3310 1487 3415 Regina,
1504 3321 1574 3398 tot
1590 3316 1813 3419 tantisque
1830 3311 1903 3398 be·

192 3436 237 3511 et
262 3425 401 3512 ibera
426 3449 527 3510 mea
553 3425 668 3510 sicut
690 3423 824 3510 turris
851 3447 906 3508 ex
933 3449 1021 3531 quo
1073 3423 1260 3530 nigniter
1288 3430 1526 3510 ocedrrens
1552 3423 1697 3528 malis,
1727 3423 1906 3509 nimiam

191 3540 309 3626 facta
332 3565 428 3624 sum
453 3564 603 3624 coram
630 3563 683 3625 eo
712 3537 838 3644 quasi
864 3560 1023 3645 pacem
1074 3535 1304 3622 caritatem
1335 3561 1460 3620 suam
1485 3534 1530 3620 in
1557 3535 1610 3621 iis
1637 3535 1905 3622 redimendis

190 3653 427 3761 reperiens.
454 3655 596 3740 Vinea
613 3652 693 3738 fuit
705 3649 894 3761 pacifico
907 3651 1020 3736 ineo
1074 3647 1278 3736 ostendit.
1330 3647 1445 3734 Nam
1471 3661 1626 3736 sancto
1655 3649 1787 3737 Petro
1814 3649 1903 3736 No-

193 3791 293 3873 quae
318 3764 454 3853 habet
479 3766 689 3876 populos:
713 3763 898 3852 tradidit
924 3788 1022 3850 eam
1072 3764 1213 3864 lasco,
1244 3763 1427 3872 pietate,
1460 3773 1504 3849 et
1531 3763 1691 3871 apibus
1717 3755 1904 3870 florenti,

192 3878 472 3981 custodibus,
506 3880 573 3965 vir
604 3878 731 3965 affert
760 3901 844 3985 pro
875 3878 1021 3964 fructu
1074 3879 1149 3985 qui
1174 3878 1338 3964 sanctis
1359 3901 1521 3964 vacans
1544 3875 1903 3964 meditationibus

191 3995 283 4101 eius
308 3993 429 4080 mille
457 3997 701 4100 argenteos.
753 3991 898 4078 Vinea
922 4017 1021 4078 mea
1071 3990 1232 4099 jugiter
1254 3991 1399 4077 animo
1416 3989 1707 4096 recogitabat,
1734 4015 1821 4098 qua
1838 4016 1903 4076 ra·

191 4132 342 4194 coram
359 4134 430 4194 me
449 4119 529 4194 est
554 4105 675 4192 Mille
691 4105 757 4192 tui
773 4106 958 4215 pacifici,
977 4117 1022 4192 et
1072 4105 1193 4191 tiene
1218 4115 1288 4191 tot
1312 4103 1659 4192 Christianorum
1686 4105 1904 4206 aerumnis,

191 4219 370 4307 ducenti
386 4219 466 4322 his,
489 4220 564 4328 qui
583 4218 835 4307 custodiunt
852 4219 1021 4306 fructus
1072 4217 1155 4305 sub
1179 4217 1434 4303 Maurarum
1460 4217 1718 4326 captivitate
1744 4217 1903 4322 degen-

192 4337 295 4442 ejus
335 4335 445 4438 Quae
462 4333 635 4421 habitas
652 4333 698 4418 in
714 4333 870 4436 hortis,
893 4335 1022 4418 amici
1072 4332 1192 4433 tium,
1205 4331 1401 4417 succdrri
1414 4329 1903 4448 possetzipsametbea·

191 4446 457 4534 auscultant:
487 4448 558 4534 iae
587 4471 659 4534 me
686 4443 839 4532 audire
864 4471 1021 4532 vocem
1072 4447 1242 4530 tissima
1254 4444 1394 4550 Virgo
1414 4448 1569 4532 serena
1581 4445 1725 4532 fronte
1738 4467 1788 4530 se
1803 4467 1902 4530 con·

190 4571 323 4648 tuam
1073 4557 1344 4666 spiciendam
1379 4557 1524 4660 dedit,
1571 4567 1617 4644 et
1652 4558 1903 4666 acceptissi-

247 4671 298 4776 li.
315 4673 438 4760 Pone
451 4698 522 4760 me
537 4683 585 4760 ut
600 4666 875 4779 signaculum
887 4695 1021 4780 super
1073 4697 1194 4757 mum
1220 4671 1321 4776 sibi,
1349 4697 1402 4758 ac
1427 4672 1651 4776 unigenito
1680 4695 1761 4755 suo
1788 4670 1902 4757 Filio

192 4813 270 4874 cor
303 4798 447 4892 tuum,
490 4797 540 4874 ut
575 4786 848 4892 signaculum
887 4810 1021 4894 super
1072 4784 1168 4872 fore
1187 4783 1314 4886 dixit,
1338 4785 1375 4870 si
1397 4811 1526 4871 suum
1547 4784 1825 4871 inhonorem
1841 4785 1902 4868 in·

191 4899 419 4989 brachium
445 4910 585 4987 tuum:
610 4897 634 4948 *
661 4900 772 5004 Quia
798 4899 926 4986 fortis
954 4909 1022 4986 est
1073 4899 1327 4988 stitueretur
1344 4897 1458 4986 ordo
1473 4899 1791 5004 religiosarum,
1810 4897 1902 5004 qui·

193 5026 243 5101 ut
272 5039 393 5102 mors
424 5011 620 5102 dilectio:
655 5011 885 5122 lampades
918 5013 1021 5120 ejus,
1070 5014 1156 5100 bus
1191 5037 1296 5098 cura
1332 5009 1605 5101 incumberet
1640 5015 1843 5119 captivos
1877 5035 1901 5097 e

191 5128 420 5236 lampades
438 5127 563 5234 ignis,
581 5137 714 5234 atque
734 5127 1021 5212 flammarum.
1072 5126 1318 5212 Turcarum
1336 5124 1537 5233 tyranide
1558 5123 1790 5211 liberandi:
1814 5149 1901 5230 qua
1975 5203 1983 5222 ,

194 5227 245 5330 il.
287 5243 433 5348 Aquae
466 5242 617 5328 multae
655 5267 743 5329 non
780 5242 1022 5348 potuerunt
1073 5239 1244 5326 coelesti
1270 5238 1438 5324 visione
1464 5237 1530 5322 vir
1553 5236 1638 5323 Dei
1665 5240 1901 5336 recreatus,

193 5361 470 5462 exstinguere
486 5355 726 5456 caritatem,
743 5379 827 5440 nec
842 5352 1022 5438 flumina
1071 5352 1230 5437 mirum
1265 5361 1352 5454 est,
1388 5376 1476 5460 quo
1507 5351 1703 5438 caritatis
1741 5347 1900 5437 ardere

192 5469 380 5558 obruent
401 5468 532 5554 illam.
563 5469 685 5573 Quia.
718 5463 868 5554 Gloria
889 5467 1021 5553 Patri
1073 5467 1259 5571 flagrare
1290 5464 1494 5572 caeperit,
1529 5463 1616 5551 hoc
1646 5490 1781 5550 unum
1812 5488 1900 5548 ser·

195 5584 318 5690 Quia.
1074 5605 1182 5668 vans
1217 5581 1263 5664 in
1298 5577 1436 5665 corde
1470 5603 1572 5682 suo,
1616 5586 1665 5664 ut
1697 5577 1794 5686 ipse
1804 5607 1824 5682 ,·
1848 5602 1901 5664 ac
