4402 6190
842 501 959 572 Festa
983 501 1231 592 Septembris
1257 505 1313 592 ll.)

208 721 299 802 quo
336 695 629 784 difficiliorem
665 721 860 803 pugnam
897 721 1049 788 secum
1159 705 1259 784 Ant.
1296 700 1513 782 Memores
1556 695 1718 782 erimus
1757 697 1934 782 virtutis

206 809 308 916 ipsa
330 815 628 896 committeret
650 834 675 894 e
699 814 945 917 conspectu
968 808 1046 895 do·
1100 819 1200 910 tuae,
1219 808 1419 911 Roselia‚
1439 809 1485 892 in
1503 809 1622 894 omni
1640 809 1935 914 generatione,

210 948 308 1009 mus
342 925 562 1030 paternae,
599 946 654 1010 eo
690 921 954 1008 laudabilius
991 920 1048 1008 de
1100 931 1145 1008 et
1162 921 1504 1027 generationem.

209 1036 479 1144 contemptis
497 1033 651 1121 mundi
663 1033 884 1121 illecebris
896 1034 1047 1120 trium·
1155 1037 1207 1144 ll.
1229 1043 1376 1148 Elegit
1402 1068 1501 1128 eam
1518 1043 1657 1142 Deus,
1681 1052 1729 1129 et
1752 1042 1934 1150 praeele-

208 1147 380 1254 phoret.
413 1148 623 1248 ⁴Latebat
665 1145 728 1233 ibi
771 1145 831 1234 ad
873 1156 1048 1257 purtem
1098 1155 1163 1258 git
1195 1180 1303 1242 eam.
1363 1163 1413 1266 lp.
1440 1155 1494 1239 In
1525 1155 1813 1244 tabemoculo
1850 1180 1933 1240 suo

207 1259 369 1346 laevam
400 1267 614 1366 angustus
640 1265 881 1362 concavus,
914 1285 1047 1367 quem
1098 1265 1301 1356 habitere
1327 1268 1434 1356 lacit
1461 1291 1570 1356 eam.

209 1372 378 1504 ‚eademr
391 1378 710 1505 P⁰⁸t‚fep}⁵‘fta⁸
723 1373 1046 1479 ejusrell'quias,
1154 1412 1358 1482 Lectiones
1377 1412 1424 1480 dc
1442 1411 1553 1478 Hom.
1576 1413 1613 1478 in
1632 1409 1777 1492 Evang.
1803 1405 1933 1478 Simile

207 1486 313 1572 rlluc
327 1491 517 1590 venanti,
536 1510 608 1573 cm
621 1512 671 1573 se
685 1483 921 1574 videndam
934 1490 1045 1593 prae·
1100 1513 1159 1576 est
1185 1524 1347 1595 regnum
1371 1505 1568 1577 coelomm.
1604 1505 1651 1574 de
1675 1503 1842 1574 Cornum
1866 1523 1936 1572 nec

208 1599 322 1701 buit,
350 1597 461 1688 dixit
488 1623 588 1686 esse
614 1625 741 1686 suam
768 1598 924 1688 cellam
947 1624 1046 1708 per·
1102 1603 1208 1690 virg.
1233 1623 1304 1672 1100
1328 1602 1437 1671 Mart.
1464 1622 1549 1672 cum
1574 1601 1655 1688 lili·
1683 1620 1789 1687 sequ.

209 1715 426 1816 agnuam,
462 1710 539 1798 ubi
574 1712 763 1798 multum
795 1712 941 1800 aetatis
974 1738 1046 1800 ex·
1155 1716 1207 1821 ll.
1228 1715 1298 1798 vii.
1320 1715 1439 1802 Ecce
1458 1713 1662 1820 elongavi
1679 1713 1870 1820 fugiens,
1888 1727 1933 1804 et

208 1831 384 1930 egisset
418 1827 516 1928 Hic,
534 1834 762 1932 tamquam
778 1825 984 1912 columba
1001 1827 1047 1910 in
1098 1828 1241 1913 mansi
1275 1827 1321 1912 in
1365 1826 1625 1928 solitirdine,
1669 1831 1935 1935 exspectans

208 1937 500 2025 foraminibus
516 1949 659 2046 petrae
677 1963 870 2043 gemens,
894 1939 938 2023 in
958 1965 1044 2025 coe
1099 1965 1216 2043 eum,
1245 1941 1320 2046 qui
1344 1939 1515 2024 salvum
1539 1963 1611 2024 me
1638 1938 1757 2026 lecit:
1780 1941 1933 2047 paulu·

208 2051 386 2138 lestium
410 2077 558 2138 rerum
576 2049 952 2158 contemplatione
972 2051 1044 2139 de·
1097 2050 1189 2137 lum
1233 2077 1334 2138 cum
1376 2056 1735 2160 pertransissem,
1786 2051 1935 2138 inveni

208 2163 308 2267 lixa,
323 2162 381 2250 ad
393 2164 762 2271 perfectissimam
775 2162 912 2250 divini
927 2169 1045 2252 amo·
1102 2189 1233 2271 quem
1259 2163 1403 2270 diligit
1429 2165 1577 2250 onima
1601 2188 1716 2250 mea:
1744 2162 1935 2252 *Tenui

207 2277 271 2362 ris
309 2302 511 2363 normam
551 2276 596 2360 in
636 2275 873 2363 solitidine
910 2278 1046 2363 vitam
1100 2302 1217 2380 eum,
1253 2302 1336 2363 nec
1368 2276 1599 2364 dimittam.
1657 2280 1709 2380 ll.
1730 2276 1932 2364 Dilectus

207 2388 422 2491 traduxit,
460 2401 504 2476 et
536 2390 814 2476 sanctissime
846 2391 1045 2498 perenni·
1097 2414 1223 2476 meus
1240 2389 1357 2491 mihi,
1376 2399 1421 2478 et
1441 2415 1526 2495 ego
1544 2389 1618 2493 illi,
1643 2390 1718 2496 qui
1735 2391 1935 2497 pascitur

208 2502 293 2589 bus
321 2503 520 2589 caritatis
546 2502 678 2606 rosis,
710 2511 757 2588 et
782 2502 1046 2606 virginitatis
1096 2501 1212 2588 inter
1229 2502 1331 2588 lilia.
1359 2504 1502 2588 Tenui
1519 2527 1633 2589 eum.

208 2613 311 2700 lssiis
330 2619 556 2719 coronata,
575 2612 785 2722 deposuit
798 2611 941 2722 pridie
955 2614 1044 2700 No·
1156 2629 1207 2736 lp.
1236 2629 1321 2710 viii.
1344 2626 1480 2714 Venit
1507 2627 1552 2710 in
1577 2625 1771 2733 populos
1797 2624 1932 2736 pesti·

210 2754 290 2814 nas
309 2727 602 2837 Septembris:
626 2730 749 2834 cujus
767 2753 946 2838 corpus,
966 2727 1045 2814 Ur·
1098 2737 1251 2841 lentia,
1288 2749 1332 2826 et
1365 2739 1573 2825 misertus
1611 2746 1680 2824 est
1713 2736 1933 2822 Dominus

209 2839 328 2927 bino
374 2846 535 2929 00th0
579 2841 797 2928 POnfifice
837 2839 1046 2942 Maximo
1098 2874 1233 2958 super
1250 2849 1547 2951 afflictionem,
1565 2859 1611 2935 et
1622 2846 1830 2934 liberevit
1843 2874 1934 2950 eos,

209 2980 325 3042 armo
344 2955 370 3040 J
372 2953 531 3057 ubilai,
550 2960 689 3043 totius
707 2954 868 3042 Siessiae
886 2953 1046 3065 plausu
1099 2967 1331 3070 omnisque
1350 2963 1507 3050 civitas
1526 2959 1774 3064 exsulterit
1798 2970 1934 3069 atque

209 3064 418 3166 divinitus
445 3071 688 3174 repertum,
718 3067 839 3154 illam
865 3092 891 3150 a
917 3076 1046 3172 peste
1097 3074 1248 3161 laetota
1283 3086 1370 3178 est,
1407 3084 1451 3163 ct
1485 3073 1684 3165 laudovit
1714 3073 1878 3158 Deum:
1913 3079 1935 3129 *
2113 3181 2116 3190 Ι

209 3178 426 3267 liberevit.
457 3180 573 3267 Hinc
591 3181 854 3282 factumest,
873 3191 923 3266 ut
940 3204 1045 3266 non·
1098 3188 1183 3292 Qui
1201 3189 1246 3273 in
1260 3187 1419 3274 ancilla
1433 3212 1513 3273 sua
1526 3186 1709 3272 Rosolia
1723 3183 1934 3293 adimple·

207 3291 340 3377 millae
359 3293 504 3396 urbes,
524 3304 569 3381 et
585 3319 722 3398 regna
738 3304 938 3379 sanctam
955 3291 1045 3377 Ro·
1098 3301 1161 3386 vit
1179 3298 1529 3386 misericordiam
1552 3325 1688 3384 suam.
1746 3293 1796 3395 u.
1820 3298 1932 3384 Lau·

209 3403 382 3507 saliam,
405 3408 528 3512 cujus
551 3405 871 3492 intercessione
894 3409 1044 3492 evase·
1098 3410 1203 3500 date
1216 3411 1456 3498 Dominum
1474 3409 1520 3494 in
1536 3409 1761 3518 cimbalis,
1778 3409 1932 3496 modu·

207 3526 307 3603 rant
323 3542 350 3602 a
368 3519 596 3626 contagiis,
615 3520 660 3603 in
680 3543 843 3604 novam
861 3515 946 3604 sibl
964 3517 1046 3602 Pa·
1096 3522 1247 3608 lamini
1263 3525 1485 3633 psalmum
1502 3549 1678 3622 novum,
1703 3521 1933 3624 exsultate,

207 3630 668 3740 tronamadoptorint.
1097 3646 1142 3722 et
1160 3636 1366 3725 invocate
1384 3661 1545 3723 nomen
1563 3637 1667 3741 ejus.
1701 3635 1795 3737 Qui.
1828 3634 1932 3720 Glo-

265 3761 317 3864 Re·
338 3763 517 3852 Florete
549 3763 701 3864 flores,
736 3761 863 3870 quasi
894 3761 1045 3864 lilium,
1097 3747 1163 3835 n‘a
1179 3749 1311 3836 Patri.
1339 3749 1436 3852 Qui.

209 3888 254 3964 et
271 3875 377 3964 date
396 3875 592 3978 odorem,
611 3887 657 3964 et
670 3873 875 3962 frondete
889 3875 935 3958 in
948 3879 1044 3980 gro·
1363 3910 1445 3996 Ad
1465 3908 1665 3998 Laud&

207 3989 336 4091 tiam,
367 3997 412 4076 et
444 3986 696 4074 collaudate
728 3987 969 4086 canticum,
1001 3997 1046 4074 et
1317 4035 1365 4098 et
1399 4049 1494 4116 per
1527 4029 1714 4100 Horas.

207 4097 458 4188 benedicite
484 4100 725 4186 Dominum
755 4100 800 4182 in
833 4099 1045 4207 operibus
1151 4149 1295 4231 Antl
1344 4145 1477 4252 Quasi
1504 4146 1588 4233 flos
1612 4151 1814 4234 rosarum
1838 4148 1863 4200 s
1886 4145 1932 4229 in

208 4214 317 4299 11111
341 4210 364 4261 *
384 4213 603 4318 0111111111
625 4212 878 4301 1111111111
892 4213 1045 4343 1111111·
1097 4212 1255 4344 diebus
1287 4210 1433 4346 {remis
1489 4270 1535 4346 et
1567 4259 1693 4366 quasi
1727 4259 1816 4344 nna
1849 4259 1933 4345 erit

207 4352 290 4410 nus
323 4327 530 4412 Sanctam
565 4351 702 4413 suam.
758 4311 810 4416 ll.
836 4324 1043 4411 Jucundr·
1444 4324 1453 4363 '

207 4442 363 4540 tatem,
395 4452 440 4526 et
467 4437 808 4526 exsultationem
832 4436 1044 4525 thesauri·
1096 4381 1460 4581 mffiffigugffiiffi
1483 4495 1695 4599 regnavit

207 4550 327 4638 nabit
344 4577 479 4659 super
498 4577 592 4654 nos,
615 4560 661 4635 et
678 4549 857 4634 nomine
875 4553 1043 4635 aeterno

206 4662 601 4882 lariolaa:
634 4661 862 4766 a...
1095 4613 1931 4834 ...territoriorumnl:

1150 4855 1187 4934 3.
1215 4848 1414 4934 Dilectus
1434 4872 1561 4933 meus
1583 4846 1706 4948 mihi,
1730 4849 1754 4900 *
1778 4857 1824 4932 et
1847 4871 1930 4951 ego

436 4943 575 5024 InIIl.
596 4941 820 5024 NOOlUfflO·
1093 4959 1169 5064 illi,
1188 4960 1266 5069 qui
1283 4961 1482 5070 pascitur
1500 4961 1614 5047 inter
1631 4960 1732 5046 lilia.

264 5085 363 5168 Ant.
392 5083 630 5168 Revertere
653 5079 884 5166 interram
908 5087 1042 5178 tuam,
1149 5087 1187 5164 4.
1216 5081 1326 5168 Veni
1348 5106 1514 5189 sponsa
1536 5105 1652 5182 mea,
1672 5086 1696 5138 *
1715 5083 1832 5168 veni:
1856 5105 1928 5167 co

209 5206 253 5281 et
270 5191 315 5280 in
334 5191 481 5279 locum
504 5192 748 5282 nativitatis
773 5201 880 5292 tuae,
904 5199 950 5276 et
968 5190 1041 5277 be·
1093 5193 1324 5281 ronoberis
1343 5195 1401 5282 de
1420 5192 1638 5279 cubilibus
1657 5193 1850 5296 leonum,
1873 5193 1930 5279 de

207 5307 424 5393 neleciam
442 5305 534 5392 tibi.
1093 5307 1318 5396 montibus
1336 5305 1591 5414 pardorum.

216 5477 222 5486 ·
263 5441 363 5520 Ant.
393 5434 516 5522 Odor
537 5435 726 5521 nominis
748 5433 813 5520 tui
830 5433 947 5518 sicut
965 5429 1042 5514 llo·
1148 5435 1186 5512 5.
1210 5429 1380 5514 Fulcite
1403 5452 1474 5512 me
1499 5425 1741 5530 floribus*
1765 5427 1929 5534 stipite

206 5543 977 5652 resrosarum,etlssiaconvallium.
1092 5567 1164 5628 me
1179 5542 1317 5646 malis,
1336 5541 1439 5648 quia
1456 5545 1608 5627 amore
1626 5539 1826 5644 langueo.

310 5815 402 5883 Propr.
413 5817 516 5868 Sicilia.
531 5813 561 5866 P.
572 5813 742 5865 summam.
