4402 6190
329 501 396 576 54»
702 497 908 570 Dominica
930 497 957 570 Ι.
982 493 1159 583 Augusti.
1205 491 1247 562 B.
1271 491 1318 562 ll.
1334 491 1379 560 V.
1405 489 1452 560 dc
1476 487 1662 562 Mercede.

228 699 234 708 '
328 688 678 798 redemptidnem
696 689 895 775 instituta
911 697 979 773 est
991 687 1155 790 religio,

331 796 383 901 V.
410 803 507 888 lua
543 810 696 888 sancta
729 801 1045 888 intercessiune
1080 797 1154 886 ud·

327 918 427 1022 iuva
440 943 534 1018 nos,
548 915 687 1021 Virgo
703 914 992 1000 immaculata.
1011 913 1154 1020 Cujus.

331 1028 482 1115 Gldria
500 1028 630 1114 Patri
656 1026 799 1134 Cujus.

382 1173 513 1244 Lectio
531 1173 581 1241 ix.
605 1173 652 1242 de
673 1171 846 1240 Humilia
861 1171 1077 1242 Dominicre
1095 1189 1155 1238 oc-

330 1269 528 1343 currentis,

593 1395 672 1478 Ad
695 1395 892 1478 Laudes

534 1521 583 1584 et
621 1535 719 1602 per
756 1514 948 1582 Horas,

382 1635 481 1716 Ant.
496 1635 526 1714 l.
550 1630 799 1716 Introduxit
816 1653 886 1714 me
900 1629 924 1681 *
938 1629 982 1712 in
1000 1628 1155 1716 cellam

328 1743 556 1847 vinariam,
586 1742 807 1829 ordinivit
830 1743 876 1827 in
903 1768 974 1828 me
1000 1743 1154 1828 caritu-

264 1940 265 1943 Ν
326 1866 449 2060 terp&
476 1979 688 2065 Dominus
711 1977 920 2084 regnavit.

379 2117 415 2194 2.
444 2107 616 2194 Fulcite
636 2135 707 2194 me
731 2111 755 2166 *
779 2107 971 2210 fluribus,
994 2107 1155 2215 stipite

326 2247 397 2308 me
423 2222 561 2325 malis,
590 2223 693 2329 quia
718 2225 868 2308 amure
893 2221 1095 2325 lungue0.

380 2359 417 2438 3.
460 2352 579 2440 Sicut
605 2353 715 2438 vitta
746 2355 770 2410 *
802 2357 1009 2439 coccinea
1037 2350 1155 2438 lubia

327 2475 413 2570 tua,
441 2476 486 2552 et
515 2465 739 2572 eluquium
763 2475 887 2552 tuum
915 2463 1055 2552 dulce.

382 2605 418 2684 4.
449 2597 590 2682 Fortis
615 2599 725 2682 est*
746 2608 796 2683 ut
817 2622 939 2682 mors
965 2595 1154 2698 dilectio,

326 2708 556 2818 lumpades
576 2712 667 2815 ejus
691 2709 920 2819 lampades
938 2709 1068 2816 ignis,
1094 2720 1153 2796 at·

329 2848 414 2929 que
434 2824 720 2908 flammarum.

377 2961 414 3040 5.
457 2955 801 3040 surrexerunt*
832 2953 931 3038 Filii
967 2955 1079 3061 ejus,
1110 2964 1155 3038 et

326 3063 627 3151 beatissimam
636 3065 998 3174 praedicaverunt,
1010 3077 1054 3153 et
1065 3067 1153 3152 lau-

327 3174 541 3264 davenmt
559 3202 667 3265 eam.

399 3327 659 3432 Capitulum.
873 3323 1085 3406 Eccum,

406 3479 463 3558 go
484 3457 610 3563 quasi
623 3458 725 3542 vitis
740 3457 1001 3544 fructificuvi
1015 3458 1153 3544 suavi·

423 3571 562 3655 tutem
580 3570 743 3674 oderis,
763 3582 807 3657 et
823 3573 956 3658 flores
970 3571 1058 3657 mei
1070 3569 1153 3656 fru-

327 3689 423 3766 ctus
450 3681 648 3786 honuris,
680 3695 725 3770 et
750 3685 1005 3771 honestius.
1057 3684 1153 3788 Ego

325 3801 467 3881 mater
481 3794 678 3903 pulchrae
693 3797 950 3900 dilectionis,
971 3808 1016 3884 et
1028 3797 1153 3884 timu·

326 3906 397 4008 ris,
416 3917 461 3993 et
478 3907 712 4014 agnitiunis
731 3921 776 3996 et
795 3922 960 3997 sanctae
979 3911 1085 4018 spei.

633 4071 843 4174 Hymnus,

438 4213 552 4302 aude
567 4221 769 4325 propigo
790 4215 988 4317 cundida,

459 4329 601 4431 Quam
617 4330 760 4416 Mater
778 4329 894 4414 alma
909 4328 1111 4414 Numinis

405 4441 692 4528 Persectidnis
711 4444 912 4528 ultimum

405 4543 575 4663 Optire
592 4557 718 4661 jussit
734 4557 956 4642 verticem

354 4708 488 4795 Haud
505 4709 595 4795 ulla
611 4713 750 4819 major
769 4712 940 4812 ciuitas,

405 4826 547 4927 Quam
564 4850 647 4932 pro
667 4824 808 4913 salute
825 4825 1017 4934 preximi
1100 4880 1102 4886 ι

403 4938 554 5023 Vitam
572 4963 697 5023 suam
714 4938 983 5046 profundere

404 5049 566 5134 Divina
582 5048 695 5137 dixit
711 5052 883 5138 veritas.

353 5218 434 5300 Est
451 5223 594 5301 morte
612 5219 738 5325 pejor
757 5217 957 5321 servitus,

404 5329 513 5432 Quae
534 5327 742 5418 Burbaris
760 5331 1044 5439 impenditur:

401 5441 541 5530 Istam
558 5442 705 5530 subire
723 5444 896 5550 Virgini

403 5554 429 5638 J
430 5559 556 5644 urata
573 5581 656 5644 nos
674 5558 794 5662 cogit
809 5557 934 5646 fides.

1237 687 1275 770 Ο
1293 709 1409 787 vera,
1428 685 1612 786 Christe,
1630 685 1802 787 curitas,

1283 797 1475 886 Incende
1494 802 1645 884 amere
1662 800 1857 906 pectora,

1283 909 1490 998 Dissdlve
1508 909 1656 996 cordis
1674 909 1858 1013 vincula,

1282 1025 1512 1134 Rumpens
1531 1027 1710 1110 catenas
1727 1023 1891 1112 tettan.

1236 1175 1305 1256 Da
1321 1173 1578 1278 servitutem
1594 1169 1779 1258 liberam

1287 1285 1451 1371 Omnes
1468 1284 1549 1371 tibi
1566 1286 1838 1394 persulvere3

1283 1398 1501 1506 Matrique
1521 1404 1718 1485 sacratos
1736 1408 1825 1484 tuae

1160 1519 1171 1540 '
1285 1513 1436 1599 Vitam
1451 1511 1628 1600 beatam
1646 1512 1821 1598 ducere.

1236 1667 1299 1753 Sit
1315 1668 1411 1752 laus
1428 1667 1547 1753 Patri
1565 1694 1664 1753 cum
1682 1667 1806 1766 Fili0,

1286 1781 1371 1882 Qui
1387 1805 1470 1866 nos
1488 1779 1674 1866 redemit
1689 1779 1904 1889 perditos:

1285 1892 1474 2000 Tibique
1493 1907 1644 1980 sancte
1662 1894 1851 2001 Spiritus

1284 2005 1402 2090 Laus
1422 2007 1478 2091 sit
1495 2032 1575 2115 per
1594 2032 1722 2092 omne
1741 2005 1956 2091 sa‘eculum.

1516 2121 1670 2205 Amen.

1263 2235 1314 2340 Ψ.
1335 2249 1633 2354 Magnificuvit
1657 2249 1752 2332 Diis
1784 2250 1929 2334 lucere
1955 2271 2023 2330 no·

1206 2361 1387 2448 biscum.
1435 2365 1486 2466 ll.
1509 2363 1636 2448 Facti
1654 2389 1803 2448 sumus
1820 2363 2023 2447 latentes.
2154 2365 2155 2444 ζ

1261 2491 1333 2576 nd
1366 2491 1529 2576 Bened.
1575 2495 1675 2575 Ant.
1720 2492 1916 2579 Salutate
1945 2491 2024 2576 Ma·
2154 2525 2155 2528 ¹

1206 2611 1327 2702 riam,
1346 2629 1446 2712 quae
1465 2605 1649 2691 multum
1665 2605 1885 2691 laboravit
1900 2605 1946 2688 in
1958 2629 2024 2688 νο-

1205 2718 1293 2805 bis:
1317 2729 1362 2804 et
1385 2716 1532 2805 dicite:
1557 2720 1655 2803 Ave
1679 2718 1924 2805 clementiae
1945 2718 2024 2800 Ma·

1206 2843 1291 2935 ter,
1315 2831 1596 2919 Consolutrix
1614 2831 1896 2933 afflicturum,
1919 2829 2024 2915 Red-

1207 2947 1395 3054 emptrix
1438 2945 1735 3054 Captivdmm.
1790 2945 1861 3028 Tu
1897 2943 2027 3049 gluria

1205 3059 1465 3160 Jerusalem,
1485 3069 1534 3144 tu
1551 3060 1705 3146 laetitia
1722 3058 1877 3158 Israel,
1893 3067 1939 3144 tu
1957 3055 2026 3140 ho·

1205 3171 1480 3259 notificentia
1496 3171 1651 3280 pupuli
1669 3171 1827 3271 nostri,
1851 3169 2028 3274 alleluja.

1373 3363 1375 3372 ι
1546 3315 1710 3398 Oratio.

1297 3477 1386 3554 eus,
1405 3451 1481 3558 qui
1498 3475 1579 3559 per
1592 3447 2028 3554 gloriosissimamFi·
2154 3437 2155 3490 l

1320 3565 1367 3649 lii
1394 3565 1459 3650 tui
1482 3562 1670 3649 Matrem
1697 3559 1754 3646 ad
1781 3559 2029 3647 liberandos
2154 3563 2155 3574 '

1207 3677 1525 3764 Christifideles
1551 3701 1577 3760 a
1598 3678 1822 3785 potestate
1839 3675 2028 3780 Paganu·
2154 3681 2155 3728 l

1205 3817 1302 3876 rum
1333 3817 1450 3878 nova
1480 3789 1727 3876 Ecclesiam
1758 3797 1879 3874 tuam
1909 3789 2030 3898 prole

1206 3905 1475 4012 amplificare
1516 3903 1724 4008 dignutus
1759 3926 1827 4033 es:
1871 3913 2030 4009 praesta
2154 3903 2155 3916 ‘

1207 4023 1477 4126 quusumus3
1509 4026 1559 4102 ut
1590 4041 1722 4123 quam
1752 4039 1826 4123 pre
1858 4020 2030 4101 veneru-
2154 4095 2155 4110 Ν

1204 4135 1303 4214 mu'r
1315 4131 1426 4216 tanti
1441 4128 1588 4238 Operis
1603 4129 1924 4231 institutricem,
1944 4131 2030 4235 ejus
2154 4113 2155 4148 ¹

1205 4244 1371 4352 puriter
1393 4243 1560 4329 meritis
1586 4253 1630 4328 et
1654 4241 1984 4345 intercessiune‚
2006 4267 2030 4325 a

1205 4357 1401 4464 peccatis
1438 4355 1660 4458 umnibus,
1697 4365 1742 4440 et
1778 4357 2028 4464 captivitite

1207 4469 1420 4556 dumonis
1438 4469 1684 4556 liberemur.
1709 4468 1796 4553 Per
1813 4468 1942 4554 Dfrm.

1264 4597 1413 4668 Deinde
1435 4599 1478 4668 fit
1501 4620 1696 4671 commem.
1713 4601 1864 4672 Domin.
1890 4623 2028 4672 occurr.

1470 4748 1539 4826 Ad
1559 4747 1761 4826 Tertiam.

1259 4861 1359 4948 Ant.
1387 4862 1556 4948 Fulcite
1573 4889 1655 4949 me.

1232 5079 1233 5084 Ν
1258 4980 1397 5086 Capit.
1424 4985 1518 5090 Ego
1538 4984 1664 5092 quasi
1681 4984 1795 5072 vitis.
1824 4995 2029 5091 utsupra.

1259 5106 1311 5209 Il.
1330 5105 1392 5188 br.
1412 5106 1481 5192 Tu
1499 5115 1739 5212 exsurgens
1761 5105 2028 5193 *lliserebe

1205 5221 1265 5305 ris
1287 5220 1401 5306 Sion.
1439 5221 1510 5307 Tu
1538 5229 1788 5328 exsurgens.
1843 5211 1895 5314 Ψ
1923 5222 2029 5324 Quia

1205 5344 1380 5444 tempus
1402 5334 1639 5424 miserendi
1663 5338 1771 5442 ejus,
1795 5335 1897 5443 quia
1915 5334 2029 5424 venit

1204 5458 1390 5558 tempus.
1424 5449 1704 5537 Misereberis
1728 5451 1844 5536 Sion.
1883 5447 2029 5534 Gluria

1203 5562 1335 5650 Patri.
1361 5564 1431 5650 Tu
1449 5570 1702 5669 exsurgens.
