4378 6202
844 497 958 568 Festa
983 497 1087 568 Julii.
1112 498 1192 575 (18.)
1816 497 1885 574 13*

434 683 521 771 Die
539 687 599 771 18.
616 685 728 772 Julii.
1051 687 1218 773 doloris
1242 678 1529 793 frangeretur.
1567 689 1621 773 In
1647 690 1786 775 sacris
1810 716 1883 777 au·

257 813 768 903 &mummolam
784 813 904 898 Conf,
1050 809 1141 888 tem
1159 800 1447 888 concionibus
1464 804 1604 910 ipsius
1619 803 1780 891 ceritas
1793 809 1883 889 me·

498 929 663 1017 Duplex.
1049 915 1165 1001 xime
1183 916 1351 1018 enituit,
1370 941 1457 1020 qua
1473 916 1690 1024 plurimos
1706 917 1882 1005 Christo

217 1041 355 1112 Omnia
386 1042 432 1112 de
463 1043 607 1114 Comm.
633 1043 741 1114 Conl.
773 1067 850 1117 non
873 1047 993 1129 Pont,
1049 1027 1277 1114 lucrifecit
1298 1029 1557 1116 Pestilentia
1569 1055 1652 1138 per
1665 1031 1883 1124 Btbtieam

168 1146 306 1226 preter
330 1159 435 1228 sequ.
614 1237 622 1252 ‚
1050 1142 1281 1246 saeviente,
1319 1141 1376 1228 ad
1411 1148 1602 1252 corpora
1634 1145 1764 1230 simul
1795 1147 1882 1230 ani·

501 1236 665 1319 Orfli10·
1048 1260 1233 1363 mesque
1269 1255 1487 1343 curendas
1524 1283 1572 1343 se
1601 1267 1747 1345 totum
1781 1286 1881 1346 con·

122 1422 126 1435 .
168 1337 354 1552 Deus,
405 1349 479 1457 qui
522 1349 734 1459 pllirimas
778 1352 997 1438 Americae
1049 1370 1196 1474 vertit,
1222 1380 1267 1457 et
1283 1371 1380 1478 ipse
1403 1369 1476 1456 lue
1500 1372 1677 1458 morteli
1700 1373 1882 1472 tandem

122 1670 126 1685 ,
168 1601 288 1662 scum
312 1574 372 1662 ad
394 1577 537 1663 sinum
555 1577 768 1663 Ecclesiae
790 1578 995 1686 perduxi-
1050 1599 1881 1707 ereptug‚inprssfin0ministgf100012.

284 1471 440 1569 gentes
484 1488 566 1572 Ρθῐ
606 1462 786 1551 beatum
821 1466 996 1551 Fremi·
1048 1482 1300 1591 implicitus,
1317 1509 1370 1570 ac
1386 1484 1472 1570 Dei
1488 1511 1621 1570 manu
1640 1512 1664 1572 e
1681 1488 1881 1594 periculo

167 1689 237 1794 flfii
262 1691 356 1822 55¹¹ss
379 1689 563 1793 meritis,
588 1700 633 1776 θῒ
657 1691 866 1824 precibus
889 1689 996 1825 ind}
1049 1712 1237 1797 stantius
1286 1713 1499 1819 perstitit,
1550 1712 1656 1799 dum
1699 1715 1881 1802 morbus

165 1808 416 1908 gnatrenem
435 1813 557 1890 tuam
575 1830 602 1888 a
618 1809 816 1912 peccens
834 1815 996 1892 nostrrs
1050 1829 1229 1910 0m111n0
1256 1825 1617 1929 exstingueretur,

166 1920 334 2019 averte,
367 1927 412 2004 et
437 1917 482 2001 in
507 1929 679 2022 gentes,
709 1943 810 2026 quae
837 1929 883 2004 te
908 1944 997 2004 non
1099 1941 1152 2046 R,
1178 1938 1428 2026 Honestum
1445 1940 1559 2025 fecit

166 2032 478 2134 cognoverunt,
503 2031 997 2119 timeremnoministui
1355 2055 1508 2140 Lectio
1528 2085 1565 2140 v,

165 2142 380 2248 benignus
402 2143 599 2230 immiste·
639 2145 675 2229 P
676 2169 725 2230 01
746 2142 997 2230 ΒόΙΠῙΠῙΠΠ·
1134 2170 1290 2251 uerum
1308 2190 1486 2273 quoque
1509 2165 1642 2252 foedis
1659 2166 1881 2253 ulceribus

121 2254 125 2363 ζ
213 2269 254 2338 ln
287 2267 316 2338 l.
347 2268 548 2338 Nocturno
579 2267 785 2341 Lectiones
817 2273 865 2343 de
894 2273 993 2344 Seri·
1157 2277 1449 2382 laborantem,
1476 2305 1530 2366 ea
1552 2279 1789 2367 lambendo
1815 2307 1880 2366 ga.

163 2376 271 2453 ptura
299 2373 534 2435 occurrente.

1048 2393 1176 2478 niteti
1209 2394 1411 2480 restituit
1467 2391 1640 2480 Exinde
1675 2419 1881 2498 magnum

397 2507 447 2585 In
464 2507 515 2586 H.
535 2507 758 2586 Nocturno.
1051 2531 1149 2593 esse
1181 2510 1319 2618 coepit
1347 2509 1391 2592 in
1423 2509 1599 2596 Bretiea
1624 2508 1775 2596 Soltni
1805 2535 1880 2596 no·

467 2626 621 2710 Lectio
641 2629 695 2708 iv.
1047 2645 1162 2707 men.
1221 2620 1310 2709 Sed
1348 2621 1424 2707 ille
1462 2623 1688 2709 heminam
1727 2623 1881 2710 laudes
1977 2669 1981 2678 ·

279 2743 506 2825 ranciscus
545 2738 733 2825 solanus
772 2739 996 2843 Montssiae,
1048 2738 1296 2838 aversatus,
1336 2737 1509 2842 Deique
1544 2736 1748 2842 gloriam,
1791 2763 1880 2823 non

176 2870 259 2927 l
307 2854 536 2961 Hispaniae
581 2853 768 2939 Breticae
815 2853 995 2962 oppido,
1049 2874 1189 2951 suam,
1215 2851 1343 2935 unice
1372 2875 1593 2957 quaerens,
1619 2851 1880 2958 Superiores

177 2956 218 2993 ⁴
306 2965 443 3052 nobili
467 2970 630 3071 genere
656 2980 801 3070 natus,
828 2992 881 3053 ac
905 2967 993 3052 Do·
1048 2963 1209 3066 erevit,
1234 2974 1283 3050 ut
1305 2987 1353 3049 se
1378 2965 1423 3048 in
1442 2964 1637 3050 Africam
1655 2969 1881 3052 mitterent

163 3082 265 3166 mini
298 3081 503 3166 timorem
534 3082 619 3186 jam
653 3080 758 3166 inde
794 3105 820 3166 a
854 3087 995 3188 priero
1048 3076 1106 3161 ad
1141 3076 1415 3163 catholicam
1448 3075 1605 3163 Fidem
1623 3077 1879 3185 ‚praedicen

164 3194 361 3295 edoctus,
383 3193 648 3301 Apostelico
666 3195 847 3296 muneri,
874 3193 996 3301 quod
1048 3189 1167 3292 dam,
1198 3216 1282 3298 pro
1312 3218 1399 3298 qua
1426 3191 1575 3295 etiam,
1607 3193 1645 3276 si
1675 3217 1724 3277 se
1754 3192 1881 3279 daret

164 3319 255 3394 erat
277 3311 439 3416 postea
464 3313 767 3416 susceptrirus,
791 3307 838 3392 in
863 3333 916 3393 ea
939 3334 995 3394 ae·
1047 3305 1244 3408 occisio,
1288 3305 1425 3391 vitam
1468 3305 1739 3414 profundere
1782 3333 1879 3416 per·

163 3425 251 3508 tete
269 3420 485 3530 praeldsit.
523 3419 640 3506 Nam
658 3419 996 3528 condiscipulos,
1047 3416 1245 3525 optebat
1298 3419 1510 3505 Missione
1545 3419 1757 3506 Africana
1790 3447 1878 3507 non

163 3544 205 3618 et
236 3545 346 3620 natu
374 3534 563 3640 majeres
594 3533 767 3622 ardenti
794 3535 996 3621 oratione
1045 3530 1303 3639 impetreta,
1339 3533 1648 3619 Americtnam
1682 3533 1880 3637 obtinuit

164 3645 218 3734 ad
239 3648 549 3755 poenitentiam
572 3647 756 3751 horteri,
780 3645 995 3734 dissiden·
1045 3649 1304 3754 magnisque
1331 3645 1540 3755 periculis
1567 3671 1657 3732 non
1682 3647 1775 3732 sine
1802 3649 1879 3731 mi·

164 3771 228 3846 tes
250 3765 542 3869 componere,
566 3787 638 3847 res
660 3760 875 3848 humtnas
894 3787 995 3848 con·
1045 3757 1212 3862 recolo,
1236 3761 1361 3862 mari,
1382 3765 1592 3866 terreque
1608 3759 1878 3867 perfunctus,

162 3877 378 3976 temnere,
421 3872 592 3961 divinas
635 3875 750 3960 serio
785 3874 995 3961 >meditari
1046 3871 1104 3956 ad
1122 3872 1206 3960 sibi
1228 3878 1429 3981 paretam
1453 3873 1687 3960 aDomino
1704 3878 1878 3960 vineam

164 3988 319 4074 selitus
344 3996 450 4074 erat.
494 3987 770 4075 Adolescens
803 3988 848 4072 in
881 3987 994 4074 ordi·
1045 3986 1175 4072 laetus
1194 3990 1396 4074 accessit:
1413 4015 1440 4074 a
1460 4013 1547 4095 qua
1560 3987 1745 4074 colenda
1758 3989 1878 4074 nulla

122 4130 125 4139 ·
165 4124 261 4188 nem
284 4101 490 4187 Fratrum
506 4101 727 4187 Minerum
747 4101 993 4188 Observen·
1046 4125 1148 4186 eum
1170 4101 1376 4187 itinerum
1399 4101 1649 4207 longitudo,
1673 4113 1750 4188 aut
1773 4104 1878 4209 vigi·

165 4211 269 4300 tium
294 4239 455 4301 nomen
477 4212 618 4318 dedit;
639 4215 685 4301 in
708 4219 852 4322 eeque
871 4240 994 4323 aspe·¹
1045 4213 1204 4299 lierum
1220 4214 1424 4302 molestia
1438 4215 1691 4302 retardent.
1717 4218 1877 4303 Perue-
1931 4239 1935 4244 ·

166 4327 294 4412 rioris
329 4325 595 4435 disciplinae,
639 4327 898 4415 humilitatis
943 4355 995 4419 ac
1046 4353 1126 4414 nas
1170 4329 1374 4433 regiones
1414 4329 1592 4416 assidue
1626 4334 1877 4438 peragrans,

165 4440 342 4546 pietstis
373 4442 588 4551 exemplis
616 4444 771 4529 oeulos
800 4443 995 4530 omnium
1045 4443 1268 4546 ingentem
1293 4449 1524 4531 ntmerum
1549 4443 1791 4530 infidelium
1818 4444 1878 4532 ad

167 4552 220 4638 ad
242 4580 293 4641 se
310 4555 489 4643 trehere
512 4557 661 4665 coepit.
700 4557 910 4643 Lectulus
930 4558 995 4643 illi
1048 4555 1271 4642 Christum
1298 4558 1532 4662 convertit;
1560 4557 1823 4644 christianos
1850 4585 1877 4644 a

168 4666 389 4768 iuncorum
412 4679 574 4774 strues,
596 4694 680 4778 pro
704 4669 881 4757 indisio
905 4669 992 4756 cili·
1045 4670 1151 4756 vitae
1198 4671 1453 4780 impuritete
1496 4670 1555 4758 ad
1598 4671 1877 4759 honestatem

169 4781 293 4885 cium,
323 4780 444 4890 quod
470 4783 627 4888 grandi
653 4784 755 4871 fune
778 4784 841 4871 ita
866 4785 993 4870 strin-
1046 4785 1213 4893 passim
1233 4785 1441 4873 traduxit.
1479 4788 1610 4893 Saepe
1633 4786 1678 4870 in
1702 4786 1876 4871 concio·

170 4893 313 4998 gebat,
343 4907 393 4982 ut
422 4896 562 4983 letera
589 4898 801 4984 acerrime
828 4897 991 4984 discru-
1044 4923 1117 5000 ne,
1141 4908 1240 4984 cum
1265 4899 1448 5007 copiose
1473 4901 1529 4986 de
1551 4899 1666 5000 De0‚
1694 4900 1875 5008 ejdsque

170 5006 311 5097 cieret
346 5009 496 5098 Noetu
514 5033 563 5096 se
580 5011 746 5117 flagris,
765 5023 810 5099 et
827 5013 993 5098 catenis
1044 5012 1228 5117 Virgine
1262 5013 1404 5099 Matre
1438 5014 1613 5106 locutus
1649 5025 1786 5119 esset,
1832 5015 1875 5098 in

171 5120 379 5227 caedebat;
393 5121 866 5233 diesannicomplures
879 5151 994 5235 pane
1045 5127 1232 5212 extasim
1258 5127 1527 5236 rapiebatur:
1554 5127 1792 5236 aliquando
1818 5131 1874 5214 de

170 5241 347 5342 tantum,
378 5248 424 5324 et
450 5263 568 5347 aqua
593 5239 825 5326 victitavit:
857 5264 993 5348 seque
1045 5241 1225 5327 Demini
1238 5242 1504 5328 cruciatibus
1518 5242 1654 5329 verba
1670 5243 1875 5343 factrirus,

41 5439 46 5458 ,
172 5349 401 5458 aliquando
427 5351 473 5437 in
496 5353 724 5462 spinarum
741 5357 901 5440 acervo
918 5380 992 5439 nu·
1044 5380 1156 5440 voce
1187 5355 1379 5442 leerimis
1408 5357 1662 5458 interclrisa‚
1698 5353 1873 5441 audien·

173 5459 270 5548 dum
290 5464 490 5574 proiecit,
513 5463 693 5552 beetum
710 5466 993 5554 Franciscum
1044 5470 1154 5556 tium
1177 5470 1308 5556 fletus
1332 5495 1384 5556 ac
1409 5471 1598 5573 gemitus
1622 5468 1835 5557 eliciebat

172 5571 368 5688 imitetur,
385 5589 436 5666 ut
452 5604 608 5665 sensus
623 5579 766 5666 omnis
778 5580 992 5689 patientia¹
1095 5583 1146 5686 li.
1174 5585 1355 5670 Amevit
1371 5609 1483 5670 eum.
