4290 6188
814 525 929 596 Festa
953 526 1091 597 Martii.
1115 526 1171 610 (ul

141 719 292 801 nerum
304 714 846 800 Pontificumauctoritete
865 739 964 801 con·
1018 715 1141 803 Obiit
1158 727 1243 802 ano
1269 716 1699 824 quadringentesimo
1723 717 1844 826 quin·

140 828 321 932 vocetis,
340 827 589 914 necesserio
610 831 885 935 susceperat,
901 833 963 914 ni·
1018 831 1273 936 quagesimo
1292 831 1439 933 tertio,
1464 854 1624 934 magno
1649 831 1845 916 emnium

140 939 224 1026 hilo
242 941 362 1028 illam
375 941 433 1027 ad
448 945 596 1027 cetera
609 939 962 1049 christienaepie·
1016 942 1152 1044 luctu,
1174 944 1465 1051 maximisque
1489 946 1743 1029 sancterum
1764 943 1844 1029 Pa·

138 1055 238 1140 tetis
255 1053 400 1154 officia
415 1051 622 1141 obeunda
635 1054 779 1140 fecere
793 1055 963 1160 segnie·
1016 1066 1148 1160 trum,
1172 1063 1507 1164 ceterorumque
1529 1057 1622 1164 ejus
1640 1059 1724 1144 aevi
1743 1058 1844 1144 scri·

138 1191 238 1254 rem.
297 1167 489 1254 Assidue
530 1167 777 1253 coelestium
816 1192 963 1254 rerum
1016 1175 1194 1276 pt6rum
1211 1168 1416 1258 laridibus
1434 1168 1669 1257 celebreta.

138 1279 526 1389 contemplatiene‚
570 1284 797 1366 sacrerum
830 1280 962 1369 libre·
1070 1296 1122 1402 ll.
1145 1291 1394 1378 Afferentur
1411 1293 1535 1399 Regi.

136 1417 231 1478 rum
254 1395 459 1496 lectiene,
491 1394 691 1501 cerporis
718 1393 961 1482 afflictatio·
1235 1453 1285 1534 In
1308 1452 1369 1534 m
1407 1454 1620 1536 Noctumo

136 1507 260 1592 nibus
286 1518 445 1616 sponte
472 1507 690 1616 susceptis
714 1533 763 1593 se
788 1513 962 1596 exerce·
1102 1589 1139 1618 Ν,
1326 1515 1380 1610 ,“
1554 1589 1579 1609 ,,
1623 1517 1631 1534 ’
1691 1597 1701 1618 ,

137 1619 223 1723 bat3
240 1621 444 1708 Psalmos
459 1618 515 1706 de
529 1630 663 1707 nocte
677 1647 861 1727 surgens
875 1649 963 1710 una
1018 1592 1170 1676 L⁶⁰t¹⁰
1195 1600 1339 1676 ΒΜ
1356 1589 1582 1695 EV³¹¹3⁶¹¹¹
1604 1588 1844 1677 secundum

137 1757 230 1820 cum
248 1736 383 1841 regiae
401 1733 578 1822 familiae
595 1735 870 1843 principibus
888 1735 961 1824 de·
1207 1831 1215 1844 ,
1312 1704 1540 1791 hannem·
1733 1833 1756 1850 „

136 1846 354 1936 cantebat:
379 1849 464 1934 Dei
485 1873 539 1936 ac
556 1849 962 1958 Sancterumlquo·
1095 1829 1335 1912 1⁴001¹0V¹l
1594 1831 1697 1936 Cap·
1713 1835 1767 1914 ll·

135 1983 226 2046 mm
258 1972 305 2049 et
340 1963 565 2070 colloquio
600 1986 691 2047 11011
726 1963 865 2050 gemel
899 1964 962 2052 di.
1063 1947 1412 2058 nfflo’tdmpol'e:
1431 1947 1715 2036 DixitJesus:
1733 1949 1845 2035 Haec

134 2078 263 2176 gnata
309 2077 392 2182 est)
435 2075 595 2162 cultrix
638 2075 816 2180 exiij
861 2102 961 2185 quae
1089 2072 1157 2149 est
1180 2071 1327 2149 autem
1349 2061 1441 2148 vita
1465 2064 1646 2168 aeterna,
1671 2073 1720 2150 ut
1745 2087 1844 2168 cog·

135 2189 262 2276 gfigm
286 2194 568 2300 summopere
590 2214 766 2299 semper
785 2195 961 2278 conten.
1015 2180 1201 2264 nescant
1222 2187 1267 2264 te
1285 2175 1429 2308 sulum
1446 2176 1590 2262 Deum
1607 2203 1778 2281 verum,
1801 2187 1846 2264 et

136 2299 209 2404 dit,
231 2311 283 2388 ut
301 2327 406 2409 erga
422 2307 576 2389 eerum
593 2302 801 2411 reliquias
819 2303 963 2392 cultus
1016 2313 1149 2422 quem
1170 2290 1329 2376 misistr
1346 2289 1372 2374 J
1374 2314 1497 2376 0⁸1¹¹¹¹
1517 2289 1749 2398 Chfifltum·
1787 2289 1846 2379 Et

135 2419 375 2520 augeretur.
402 2417 642 2524 Deiparam
657 2417 703 2500 in
720 2417 873 2525 primis
891 2423 961 2503 ce·
1014 2403 1196 2510 rehqua.

134 2525 225 2630 luit,
254 2529 326 2615 cui
351 2529 467 2616 hanc
489 2530 635 2638 ipsam
655 2531 864 2639 Deiparae
888 2559 962 2642 ap·
1057 2541 1247 2632 Homilia
1260 2545 1405 2654 sancti
1422 2541 1575 2652 Cyrilli
1591 2543 1806 2653 Episcopi

134 2642 416 2748 pellatienem
429 2643 963 2735 contraNestorianerum
1282 2655 1580 2745 Alexandrini.

134 2754 428 2867 blasphemias
446 2757 644 2890 ffiflssmiss·
672 2758 828 2846 lelfit
844 2786 962 2846 nam·
1041 2795 1098 2864 Dc
1124 2793 1219 2864 Fide
1243 2793 1292 2864 ad
1315 2791 1570 2867 Pulcheriurn,
1595 2800 1632 2864 et
1655 2793 1816 2864 Sorores

136 2893 216 2978 que
242 2897 417 2958 summa
443 2876 672 2980 sapientiae
698 2897 791 2960 suae
812 2871 960 2983 dispo·
1345 2889 1523 2976 Reginus.

135 2984 291 3072 sitiene
316 2983 464 3072 divina
488 2983 785 3095 providentia,
809 2997 859 3074 ut
881 3013 962 3096 per
1018 3004 1196 3095 xlane
1213 3013 1295 3073 vos
1318 3013 1467 3074 sacras
1486 2988 1844 3097 castissimesque

134 3099 345 3204 virginem
370 3126 540 3186 summa
555 3099 752 3206 Virginis
771 3100 961 3207 dignitas
1023 3116 1107 3217 (5,)
1133 3100 1297 3188 Christi
1321 3101 1515 3188 emnium
1537 3113 1736 3190 nostrum
1753 3102 1844 3190 Sal·

135 3211 347 3301 inoffensa
359 3213 535 3322 penitus
550 3217 814 3320 servaretur;
830 3241 961 3326 quarn
1133 3215 1299 3302 veteris
1329 3238 1538 3323 sponsas,
1568 3215 1843 3321 religiosissi-

136 3325 260 3414 etiam
287 3337 356 3415 est
372 3328 543 3415 imiteta
564 3328 782 3416 serrendo
805 3335 961 3440 perpe·
1012 3355 1097 3416 mae
1129 3354 1181 3416 ac
1207 3329 1306 3414 Deo
1334 3327 1631 3415 dilectissimae
1657 3329 1844 3438 impera·

135 3447 249 3524 tuam
262 3439 309 3525 in
323 3440 422 3550 ipso
437 3439 961 3548 conjugiovirginitetem:
1012 3447 1164 3546 trices,
1204 3440 1325 3528 orbis
1364 3447 1582 3528 terrerum
1617 3446 1842 3528 ornamen-

136 3551 251 3658 cujus
275 3550 465 3660 denique
484 3551 620 3640 celtui
646 3553 960 3662 amplificendo
1011 3567 1122 3659 tum,
1150 3555 1612 3664 sanctissimarumque
1640 3554 1843 3641 ecclesie·

136 3667 362 3778 complura
384 3667 551 3775 templa
568 3666 707 3772 regali
723 3666 854 3776 plane
871 3696 961 3757 ma·
1011 3696 1109 3755 rum
1140 3670 1276 3756 decus
1310 3668 1479 3778 eptimo
1514 3669 1607 3775 iure
1643 3668 1842 3775 quisquis

136 3779 380 3882 gnificentia
406 3781 632 3883 excitevit,
664 3778 858 3869 doneriis
887 3810 960 3870 au·
1012 3781 1322 3895 appellaverit,
1364 3782 1410 3868 in
1445 3782 1605 3890 quibus
1638 3780 1842 3866 nimirum

136 3892 204 3994 xit,
224 3893 441 3983 reditibus
458 3892 758 4002 locupletavit.
795 3897 847 3981 In
868 3898 960 4009 pla·
1013 3922 1143 3984 omne
1174 3897 1387 3984 virttitum
1416 3920 1575 4000 genus,
1610 3898 1841 4000 omnisque

136 4004 272 4094 cende
301 4005 448 4095 divina
470 4009 634 4117 iustitia
658 4009 769 4096 mira
792 4011 960 4119 pietete
1013 4015 1194 4097 ornetus
1226 4009 1387 4096 divinae
1421 4007 1664 4114 majestetis
1701 4007 1842 4096 eculis

137 4123 298 4210 enituit
342 4124 445 4208 Fuit
466 4149 573 4231 erga
594 4130 815 4233 pauperes
832 4127 960 4213 mise·
1011 4135 1161 4232 gratus
1180 4130 1478 4232 acceptusque
1496 4121 1679 4209 mirifice
1697 4123 1841 4230 splen·

137 4235 321 4322 ricerdis
350 4237 481 4345 plane
513 4237 738 4342 singulari:
773 4265 886 4347 quos
917 4253 963 4330 et
1012 4237 1100 4330 det
1150 4237 1309 4345 Neque
1339 4237 1408 4322 his
1434 4235 1596 4347 epibus
1622 4240 1843 4324 contentae

137 4354 330 4438 materna
354 4350 545 4458 quadam
569 4353 752 4438 caritete
771 4353 960 4463 comple·
1012 4378 1189 4438 omnem
1225 4375 1404 4459 quoque
1438 4375 1589 4437 curam
1624 4354 1842 4458 omneque

138 4487 189 4548 xa
206 4474 290 4566 est,
309 4462 457 4572 quoad
474 4464 599 4567 vixit,
618 4476 662 4553 et
678 4466 872 4552 metiens
889 4473 960 4555 ee·
1012 4463 1208 4552 studium
1230 4464 1467 4566 adhibetis,
1493 4488 1581 4572 quo
1601 4461 1691 4550 fide
1709 4474 1842 4565 recta,

138 4599 246 4680 rum,
279 4601 380 4684 quae
406 4576 584 4665 assidua
613 4577 959 4687 effusissimeque
1011 4579 1263 4686 nullamque
1306 4579 1353 4662 in
1391 4589 1565 4688 partem
1597 4577 1842 4681 vacillante,

138 4685 372 4778 liberelitas
394 4690 563 4800 reliqua
580 4692 760 4796 iecerat,
784 4694 961 4803 scripsit
1012 4693 1249 4780 excelletis.
1291 4691 1451 4802 Neque
1474 4692 1636 4780 Christi
1657 4717 1841 4798 regnum

139 4797 344 4891 haeredes.
396 4805 528 4911 Quod
563 4815 741 4893 cautum
774 4808 831 4895 ab
861 4809 959 4917 ipsa
1012 4810 1257 4916 capessere,
1277 4818 1321 4895 et
1339 4833 1391 4894 ea
1410 4832 1511 4916 quae
1525 4807 1588 4893 illi
1600 4816 1725 4914 grata
1739 4816 1842 4893 sunt

139 4921 400 5007 testamento
416 4919 513 5022 fuit,
537 4919 768 5026 diligenter
791 4923 960 5011 curevit
1010 4922 1157 5008 fecere
1182 4931 1229 5010 et
1248 4926 1414 5009 sentire
1436 4921 1653 5023 omittitis,
1676 4920 1840 5030 partim

140 5027 401 5134 Marcienus,
439 5059 571 5141 quem
603 5035 703 5143 pari
736 5034 960 5141 religienis
1013 5036 1192 5145 quidem
1207 5035 1436 5145 praecleris
1454 5034 1716 5138 actienibus,
1741 5062 1839 5144 par·

141 5145 293 5250 studiq
311 5146 534 5254 rebusque
553 5147 756 5235 emnibus
773 5148 960 5255 imperio
1012 5149 1090 5235 tim
1107 5175 1283 5235 rursum
1302 5175 1401 5236 cum
1414 5158 1596 5249 vestras,
1613 5158 1708 5235 tum
1724 5154 1840 5256 prin·

142 5253 449 5363 dignr'ssimum,
467 5261 566 5368 ipsa
585 5263 791 5349 evexerat
808 5261 865 5349 ad
883 5262 959 5349 im·
1012 5262 1159 5373 cipum
1203 5287 1382 5371 quoque
1425 5265 1673 5348 vestrerum
1716 5261 1840 5348 aulas

142 5371 322 5476 perium,
358 5372 539 5484 sibique
573 5374 686 5461 hanc
719 5375 864 5486 ipsam
901 5375 960 5463 ob
1010 5376 1274 5484 virginitatis
1302 5375 1442 5481 gleria
1472 5373 1840 5478 condecorentes;

143 5505 327 5590 causam,
351 5486 473 5574 salva
499 5513 632 5596 quam
653 5488 753 5575 Deo
777 5493 961 5576 veverat
1011 5492 1171 5598 partim
1224 5489 1413 5597 denique
1457 5489 1839 5596 sumptuosissima

144 5589 401 5736 virginitate,
454 5603 683 5708 ceniugem
725 5599 961 5709 delegerat
1011 5604 1177 5712 templa
1210 5603 1387 5691 Christo
1422 5602 1614 5689 Demino
1650 5603 1839 5691 excitan-
