<?xml version="1.0" encoding="UTF-8"?>
<!DOCTYPE html PUBLIC "-//W3C//DTD XHTML 1.0 Transitional//EN"
    "http://www.w3.org/TR/xhtml1/DTD/xhtml1-transitional.dtd">
<html xmlns="http://www.w3.org/1999/xhtml" xml:lang="en" lang="en">
 <head>
  <title>
</title>
<meta http-equiv="Content-Type" content="text/html;charset=utf-8" />
  <meta name='ocr-system' content='tesseract 3.04.00' />
  <meta name='ocr-capabilities' content='ocr_page ocr_carea ocr_par ocr_line ocrx_word'/>
</head>
<body>
  <div class='ocr_page' id='page_1' title='image "./officiaproprias01churgoog_0121.png"; bbox 0 0 4322 6182; ppageno 0'>
   <div class='ocr_carea' id='block_1_1' title="bbox 933 509 1363 594">
    <p class='ocr_par' dir='ltr' id='par_1_1' title="bbox 933 509 1363 594">
     <span class='ocr_line' id='line_1_1' title="bbox 933 509 1363 594; baseline -0.009 -13"><span class='ocrx_word' id='word_1_1' title='bbox 933 511 1050 581; x_wconf 89' lang='lat' dir='ltr'>Festa</span> <span class='ocrx_word' id='word_1_2' title='bbox 1072 509 1285 580; x_wconf 83' lang='lat' dir='ltr'>Februarii.</span> <span class='ocrx_word' id='word_1_3' title='bbox 1308 509 1363 594; x_wconf 81' lang='lat'>(3.)</span> 
     </span>
    </p>
   </div>
   <div class='ocr_carea' id='block_1_2' title="bbox 279 696 2000 3074">
    <p class='ocr_par' dir='ltr' id='par_1_2' title="bbox 279 696 2000 3074">
     <span class='ocr_line' id='line_1_2' title="bbox 283 696 1994 808; baseline -0.003 -17"><span class='ocrx_word' id='word_1_4' title='bbox 283 714 377 791; x_wconf 90' lang='lat' dir='ltr'>tum</span> <span class='ocrx_word' id='word_1_5' title='bbox 403 706 572 806; x_wconf 58' lang='lat' dir='ltr'>‘genere</span> <span class='ocrx_word' id='word_1_6' title='bbox 602 700 821 788; x_wconf 79' lang='lat' dir='ltr'>illustrare</span> <span class='ocrx_word' id='word_1_7' title='bbox 852 700 1002 787; x_wconf 78' lang='lat' dir='ltr'>vrlluit.</span> <span class='ocrx_word' id='word_1_8' title='bbox 1055 701 1116 787; x_wconf 91' lang='lat' dir='ltr'>Ut</span> <span class='ocrx_word' id='word_1_9' title='bbox 1166 699 1225 786; x_wconf 90' lang='lat' dir='ltr'>ad</span> <span class='ocrx_word' id='word_1_10' title='bbox 1246 697 1539 808; x_wconf 67' lang='lat' dir='ltr'>spectandum</span> <span class='ocrx_word' id='word_1_11' title='bbox 1556 698 1803 808; x_wconf 82' lang='lat' dir='ltr'>productis,</span> <span class='ocrx_word' id='word_1_12' title='bbox 1826 696 1908 784; x_wconf 90' lang='lat' dir='ltr'>sub</span> <span class='ocrx_word' id='word_1_13' title='bbox 1927 704 1994 786; x_wconf 76' lang='lat' dir='ltr'>ea·</span> 
     </span>
     <span class='ocr_line' id='line_1_3' title="bbox 284 811 1995 925; baseline -0.004 -21"><span class='ocrx_word' id='word_1_14' title='bbox 284 817 401 904; x_wconf 92' lang='lat' dir='ltr'>enim</span> <span class='ocrx_word' id='word_1_15' title='bbox 428 815 531 925; x_wconf 93' lang='lat' dir='ltr'>Cyri</span> <span class='ocrx_word' id='word_1_16' title='bbox 561 813 768 924; x_wconf 81' lang='lat' dir='ltr'>precibus</span> <span class='ocrx_word' id='word_1_17' title='bbox 800 813 895 900; x_wconf 92' lang='lat' dir='ltr'>sine</span> <span class='ocrx_word' id='word_1_18' title='bbox 925 811 1113 902; x_wconf 88' lang='lat' dir='ltr'>medica·</span> <span class='ocrx_word' id='word_1_19' title='bbox 1166 839 1263 898; x_wconf 93' lang='lat' dir='ltr'>rum</span> <span class='ocrx_word' id='word_1_20' title='bbox 1287 811 1426 899; x_wconf 73' lang='lat' dir='ltr'>riculis</span> <span class='ocrx_word' id='word_1_21' title='bbox 1449 812 1598 919; x_wconf 83' lang='lat' dir='ltr'>flagris</span> <span class='ocrx_word' id='word_1_22' title='bbox 1623 837 1784 916; x_wconf 80' lang='lat' dir='ltr'>caesus,</span> <span class='ocrx_word' id='word_1_23' title='bbox 1808 813 1995 901; x_wconf 79' lang='lat' dir='ltr'>fustibus</span> 
     </span>
     <span class='ocr_line' id='line_1_4' title="bbox 281 925 1994 1036; baseline -0.001 -20"><span class='ocrx_word' id='word_1_24' title='bbox 281 935 531 1017; x_wconf 70' lang='lat' dir='ltr'>mentorum</span> <span class='ocrx_word' id='word_1_25' title='bbox 550 955 634 1014; x_wconf 93' lang='lat' dir='ltr'>usu</span> <span class='ocrx_word' id='word_1_26' title='bbox 650 927 944 1014; x_wconf 70' lang='lat' dir='ltr'>curandorum</span> <span class='ocrx_word' id='word_1_27' title='bbox 958 933 1113 1036; x_wconf 81' lang='lat' dir='ltr'>cdrpo·</span> <span class='ocrx_word' id='word_1_28' title='bbox 1166 933 1389 1029; x_wconf 75' lang='lat' dir='ltr'>connisus,</span> <span class='ocrx_word' id='word_1_29' title='bbox 1410 925 1671 1033; x_wconf 80' lang='lat' dir='ltr'>facibusque</span> <span class='ocrx_word' id='word_1_30' title='bbox 1689 927 1888 1031; x_wconf 80' lang='lat' dir='ltr'>adustus,</span> <span class='ocrx_word' id='word_1_31' title='bbox 1905 928 1994 1014; x_wconf 87' lang='lat' dir='ltr'>vul·</span> 
     </span>
     <span class='ocr_line' id='line_1_5' title="bbox 281 1039 1997 1149; baseline -0.001 -20"><span class='ocrx_word' id='word_1_32' title='bbox 281 1068 380 1129; x_wconf 91' lang='lat' dir='ltr'>rum</span> <span class='ocrx_word' id='word_1_33' title='bbox 397 1044 600 1149; x_wconf 77' lang='lat' dir='ltr'>gratiam,</span> <span class='ocrx_word' id='word_1_34' title='bbox 622 1043 684 1128; x_wconf 88' lang='lat' dir='ltr'>ita</span> <span class='ocrx_word' id='word_1_35' title='bbox 703 1052 748 1128; x_wconf 92' lang='lat' dir='ltr'>et</span> <span class='ocrx_word' id='word_1_36' title='bbox 765 1041 881 1126; x_wconf 87' lang='lat' dir='ltr'>illius</span> <span class='ocrx_word' id='word_1_37' title='bbox 899 1040 1114 1130; x_wconf 86' lang='lat' dir='ltr'>doctrinae</span> <span class='ocrx_word' id='word_1_38' title='bbox 1166 1043 1320 1127; x_wconf 77' lang='lat' dir='ltr'>nerdta</span> <span class='ocrx_word' id='word_1_39' title='bbox 1345 1039 1544 1129; x_wconf 89' lang='lat' dir='ltr'>membra</span> <span class='ocrx_word' id='word_1_40' title='bbox 1571 1043 1700 1127; x_wconf 78' lang='lat' dir='ltr'>aceto</span> <span class='ocrx_word' id='word_1_41' title='bbox 1731 1040 1922 1147; x_wconf 89' lang='lat' dir='ltr'>primum</span> <span class='ocrx_word' id='word_1_42' title='bbox 1953 1051 1997 1127; x_wconf 89' lang='lat' dir='ltr'>ct</span> 
     </span>
     <span class='ocr_line' id='line_1_6' title="bbox 282 1151 1996 1262; baseline -0.001 -21"><span class='ocrx_word' id='word_1_43' title='bbox 282 1157 441 1244; x_wconf 84' lang='lat' dir='ltr'>verbis.</span> <span class='ocrx_word' id='word_1_44' title='bbox 465 1155 676 1242; x_wconf 81' lang='lat' dir='ltr'>virtutem</span> <span class='ocrx_word' id='word_1_45' title='bbox 710 1154 896 1242; x_wconf 71' lang='lat' dir='ltr'>centulit</span> <span class='ocrx_word' id='word_1_46' title='bbox 929 1179 1114 1262; x_wconf 88' lang='lat' dir='ltr'>prorsus</span> <span class='ocrx_word' id='word_1_47' title='bbox 1166 1152 1259 1240; x_wconf 88' lang='lat' dir='ltr'>sale</span> <span class='ocrx_word' id='word_1_48' title='bbox 1291 1154 1377 1241; x_wconf 89' lang='lat' dir='ltr'>sibi</span> <span class='ocrx_word' id='word_1_49' title='bbox 1406 1151 1629 1261; x_wconf 81' lang='lat' dir='ltr'>perfundi,</span> <span class='ocrx_word' id='word_1_50' title='bbox 1664 1154 1996 1262; x_wconf 70' lang='lat' dir='ltr'>asperrimoque</span> 
     </span>
     <span class='ocr_line' id='line_1_7' title="bbox 282 1265 1996 1376; baseline -0.003 -19"><span class='ocrx_word' id='word_1_51' title='bbox 282 1268 603 1374; x_wconf 72' lang='lat' dir='ltr'>admirabilem,</span> <span class='ocrx_word' id='word_1_52' title='bbox 629 1293 716 1376; x_wconf 93' lang='lat' dir='ltr'>qua</span> <span class='ocrx_word' id='word_1_53' title='bbox 737 1267 901 1354; x_wconf 80' lang='lat' dir='ltr'>Christi</span> <span class='ocrx_word' id='word_1_54' title='bbox 920 1267 1114 1353; x_wconf 78' lang='lat' dir='ltr'>asseclas</span> <span class='ocrx_word' id='word_1_55' title='bbox 1166 1265 1327 1355; x_wconf 91' lang='lat' dir='ltr'>deinde</span> <span class='ocrx_word' id='word_1_56' title='bbox 1352 1267 1496 1353; x_wconf 88' lang='lat' dir='ltr'>cilicio</span> <span class='ocrx_word' id='word_1_57' title='bbox 1515 1267 1762 1375; x_wconf 67' lang='lat' dir='ltr'><strong>perfricari,</strong></span> <span class='ocrx_word' id='word_1_58' title='bbox 1788 1290 1841 1354; x_wconf 90' lang='lat' dir='ltr'>ac</span> <span class='ocrx_word' id='word_1_59' title='bbox 1857 1265 1996 1375; x_wconf 87' lang='lat' dir='ltr'>pedes</span> 
     </span>
     <span class='ocr_line' id='line_1_8' title="bbox 280 1380 1995 1489; baseline -0.001 -21"><span class='ocrx_word' id='word_1_60' title='bbox 280 1383 433 1470; x_wconf 88' lang='lat' dir='ltr'>firm0s</span> <span class='ocrx_word' id='word_1_61' title='bbox 455 1383 500 1468; x_wconf 90' lang='lat' dir='ltr'>in</span> <span class='ocrx_word' id='word_1_62' title='bbox 518 1380 608 1468; x_wconf 89' lang='lat' dir='ltr'>fide</span> <span class='ocrx_word' id='word_1_63' title='bbox 626 1381 897 1484; x_wconf 80' lang='lat' dir='ltr'>continebat,</span> <span class='ocrx_word' id='word_1_64' title='bbox 921 1391 965 1467; x_wconf 90' lang='lat' dir='ltr'>et</span> <span class='ocrx_word' id='word_1_65' title='bbox 983 1381 1114 1468; x_wconf 86' lang='lat' dir='ltr'>caecis</span> <span class='ocrx_word' id='word_1_66' title='bbox 1166 1380 1346 1467; x_wconf 90' lang='lat' dir='ltr'>tandem</span> <span class='ocrx_word' id='word_1_67' title='bbox 1367 1380 1602 1468; x_wconf 69' lang='lat' dir='ltr'>ebulliente</span> <span class='ocrx_word' id='word_1_68' title='bbox 1622 1381 1724 1489; x_wconf 90' lang='lat' dir='ltr'>pice</span> <span class='ocrx_word' id='word_1_69' title='bbox 1740 1382 1893 1486; x_wconf 82' lang='lat' dir='ltr'>inungi</span> <span class='ocrx_word' id='word_1_70' title='bbox 1909 1408 1995 1467; x_wconf 92' lang='lat' dir='ltr'>ma·</span> 
     </span>
     <span class='ocr_line' id='line_1_9' title="bbox 281 1493 1998 1604; baseline -0.002 -20"><span class='ocrx_word' id='word_1_71' title='bbox 281 1495 523 1602; x_wconf 83' lang='lat' dir='ltr'>gentilium,</span> <span class='ocrx_word' id='word_1_72' title='bbox 548 1505 684 1602; x_wconf 92' lang='lat' dir='ltr'>atque</span> <span class='ocrx_word' id='word_1_73' title='bbox 705 1494 947 1580; x_wconf 80' lang='lat' dir='ltr'>infidelium</span> <span class='ocrx_word' id='word_1_74' title='bbox 961 1493 1113 1580; x_wconf 84' lang='lat' dir='ltr'>menti·</span> <span class='ocrx_word' id='word_1_75' title='bbox 1166 1518 1253 1600; x_wconf 80' lang='lat' dir='ltr'>gno</span> <span class='ocrx_word' id='word_1_76' title='bbox 1262 1494 1517 1603; x_wconf 80' lang='lat' dir='ltr'>invicthue</span> <span class='ocrx_word' id='word_1_77' title='bbox 1527 1493 1876 1604; x_wconf 81' lang='lat' dir='ltr'>animopertulit.</span> <span class='ocrx_word' id='word_1_78' title='bbox 1894 1494 1998 1581; x_wconf 89' lang='lat' dir='ltr'>Rur-</span> 
     </span>
     <span class='ocr_line' id='line_1_10' title="bbox 283 1607 1996 1713; baseline -0.001 -17"><span class='ocrx_word' id='word_1_79' title='bbox 283 1610 366 1697; x_wconf 88' lang='lat' dir='ltr'>bus</span> <span class='ocrx_word' id='word_1_80' title='bbox 384 1610 626 1696; x_wconf 77' lang='lat' dir='ltr'>salutarem</span> <span class='ocrx_word' id='word_1_81' title='bbox 638 1607 867 1713; x_wconf 82' lang='lat' dir='ltr'>Evangelii</span> <span class='ocrx_word' id='word_1_82' title='bbox 879 1607 1025 1695; x_wconf 92' lang='lat' dir='ltr'>lucem</span> <span class='ocrx_word' id='word_1_83' title='bbox 1038 1608 1114 1691; x_wconf 91' lang='lat' dir='ltr'>mi·</span> <span class='ocrx_word' id='word_1_84' title='bbox 1167 1634 1243 1694; x_wconf 91' lang='lat' dir='ltr'>sus</span> <span class='ocrx_word' id='word_1_85' title='bbox 1266 1619 1415 1694; x_wconf 92' lang='lat' dir='ltr'>tamen</span> <span class='ocrx_word' id='word_1_86' title='bbox 1431 1609 1554 1694; x_wconf 74' lang='lat' dir='ltr'>varie</span> <span class='ocrx_word' id='word_1_87' title='bbox 1570 1613 1785 1712; x_wconf 72' lang='lat' dir='ltr'>tentatus,</span> <span class='ocrx_word' id='word_1_88' title='bbox 1804 1634 1905 1695; x_wconf 93' lang='lat' dir='ltr'>cum</span> <span class='ocrx_word' id='word_1_89' title='bbox 1922 1610 1996 1694; x_wconf 94' lang='lat' dir='ltr'>im·</span> 
     </span>
     <span class='ocr_line' id='line_1_11' title="bbox 282 1718 1997 1833; baseline 0.001 -25"><span class='ocrx_word' id='word_1_90' title='bbox 282 1725 405 1811; x_wconf 91' lang='lat' dir='ltr'>rifice</span> <span class='ocrx_word' id='word_1_91' title='bbox 421 1723 677 1833; x_wconf 72' lang='lat' dir='ltr'>inspirttbat.</span> <span class='ocrx_word' id='word_1_92' title='bbox 710 1721 809 1808; x_wconf 89' lang='lat' dir='ltr'>Hac</span> <span class='ocrx_word' id='word_1_93' title='bbox 827 1731 949 1808; x_wconf 85' lang='lat' dir='ltr'>tanta</span> <span class='ocrx_word' id='word_1_94' title='bbox 966 1746 1114 1807; x_wconf 90' lang='lat' dir='ltr'>rerum</span> <span class='ocrx_word' id='word_1_95' title='bbox 1165 1721 1342 1808; x_wconf 79' lang='lat' dir='ltr'>mdbilis</span> <span class='ocrx_word' id='word_1_96' title='bbox 1365 1721 1411 1806; x_wconf 93' lang='lat' dir='ltr'>in</span> <span class='ocrx_word' id='word_1_97' title='bbox 1428 1718 1518 1808; x_wconf 92' lang='lat' dir='ltr'>fide</span> <span class='ocrx_word' id='word_1_98' title='bbox 1536 1725 1831 1830; x_wconf 79' lang='lat' dir='ltr'>permaneret,</span> <span class='ocrx_word' id='word_1_99' title='bbox 1854 1721 1997 1831; x_wconf 84' lang='lat' dir='ltr'>pridie</span> 
     </span>
     <span class='ocr_line' id='line_1_12' title="bbox 280 1835 1996 1945; baseline -0.001 -23"><span class='ocrx_word' id='word_1_100' title='bbox 280 1835 637 1923; x_wconf 78' lang='lat' dir='ltr'>admirandarum</span> <span class='ocrx_word' id='word_1_101' title='bbox 650 1836 766 1921; x_wconf 88' lang='lat' dir='ltr'>fama</span> <span class='ocrx_word' id='word_1_102' title='bbox 780 1840 1028 1922; x_wconf 81' lang='lat' dir='ltr'>commdtus</span> <span class='ocrx_word' id='word_1_103' title='bbox 1041 1836 1066 1920; x_wconf 89' lang='lat' dir='ltr'>J</span> <span class='ocrx_word' id='word_1_104' title='bbox 1069 1860 1113 1919; x_wconf 80' lang='grc' dir='ltr'>ο·</span> <span class='ocrx_word' id='word_1_105' title='bbox 1165 1835 1393 1922; x_wconf 84' lang='lat' dir='ltr'>Kalendas</span> <span class='ocrx_word' id='word_1_106' title='bbox 1424 1835 1689 1922; x_wconf 66' lang='lat' dir='ltr'>Februarias</span> <span class='ocrx_word' id='word_1_107' title='bbox 1724 1838 1870 1922; x_wconf 84' lang='lat' dir='ltr'>secdri</span> <span class='ocrx_word' id='word_1_108' title='bbox 1900 1861 1996 1945; x_wconf 88' lang='lat' dir='ltr'>per·</span> 
     </span>
     <span class='ocr_line' id='line_1_13' title="bbox 281 1948 1997 2057; baseline -0.001 -21"><span class='ocrx_word' id='word_1_109' title='bbox 281 1955 418 2037; x_wconf 74' lang='lat' dir='ltr'>dnnes</span> <span class='ocrx_word' id='word_1_110' title='bbox 444 1948 717 2052; x_wconf 78' lang='lat' dir='ltr'>Edessenus,</span> <span class='ocrx_word' id='word_1_111' title='bbox 753 1948 936 2034; x_wconf 80' lang='lat' dir='ltr'>dimissa</span> <span class='ocrx_word' id='word_1_112' title='bbox 966 1949 1115 2034; x_wconf 77' lang='lat' dir='ltr'>statim</span> <span class='ocrx_word' id='word_1_113' title='bbox 1167 1956 1322 2035; x_wconf 78' lang='lat' dir='ltr'>edesus</span> <span class='ocrx_word' id='word_1_114' title='bbox 1344 1949 1516 2036; x_wconf 84' lang='lat' dir='ltr'>illustre</span> <span class='ocrx_word' id='word_1_115' title='bbox 1532 1949 1792 2057; x_wconf 65' lang='lat' dir='ltr'>martyrium</span> <span class='ocrx_word' id='word_1_116' title='bbox 1810 1948 1930 2051; x_wconf 91' lang='lat' dir='ltr'>fecit,</span> <span class='ocrx_word' id='word_1_117' title='bbox 1953 1952 1997 2034; x_wconf 93' lang='lat' dir='ltr'>in</span> 
     </span>
     <span class='ocr_line' id='line_1_14' title="bbox 279 2060 1996 2172; baseline 0 -22"><span class='ocrx_word' id='word_1_118' title='bbox 279 2063 458 2150; x_wconf 62' lang='lat' dir='ltr'>militari</span> <span class='ocrx_word' id='word_1_119' title='bbox 481 2060 711 2167; x_wconf 78' lang='lat' dir='ltr'>dignitate,</span> <span class='ocrx_word' id='word_1_120' title='bbox 734 2066 994 2170; x_wconf 91' lang='lat' dir='ltr'>cunctisque</span> <span class='ocrx_word' id='word_1_121' title='bbox 1013 2085 1112 2148; x_wconf 93' lang='lat' dir='ltr'>con·</span> <span class='ocrx_word' id='word_1_122' title='bbox 1167 2089 1256 2172; x_wconf 93' lang='lat' dir='ltr'>quo</span> <span class='ocrx_word' id='word_1_123' title='bbox 1277 2063 1423 2171; x_wconf 88' lang='lat' dir='ltr'>ipsum</span> <span class='ocrx_word' id='word_1_124' title='bbox 1450 2088 1630 2172; x_wconf 91' lang='lat' dir='ltr'>quoque</span> <span class='ocrx_word' id='word_1_125' title='bbox 1654 2063 1679 2147; x_wconf 92' lang='lat' dir='ltr'>J</span> <span class='ocrx_word' id='word_1_126' title='bbox 1681 2067 1869 2150; x_wconf 80' lang='lat' dir='ltr'>oannem</span> <span class='ocrx_word' id='word_1_127' title='bbox 1895 2089 1996 2150; x_wconf 90' lang='lat' dir='ltr'>con·</span> 
     </span>
     <span class='ocr_line' id='line_1_15' title="bbox 279 2174 1996 2285; baseline 0.001 -21"><span class='ocrx_word' id='word_1_128' title='bbox 279 2179 461 2285; x_wconf 84' lang='lat' dir='ltr'>temptis</span> <span class='ocrx_word' id='word_1_129' title='bbox 479 2175 632 2263; x_wconf 85' lang='lat' dir='ltr'>sa&#39;eculi</span> <span class='ocrx_word' id='word_1_130' title='bbox 648 2174 890 2262; x_wconf 72' lang='lat' dir='ltr'>honeribus</span> <span class='ocrx_word' id='word_1_131' title='bbox 903 2185 1037 2282; x_wconf 91' lang='lat' dir='ltr'>atque</span> <span class='ocrx_word' id='word_1_132' title='bbox 1052 2174 1114 2260; x_wconf 93' lang='lat' dir='ltr'>di·</span> <span class='ocrx_word' id='word_1_133' title='bbox 1165 2182 1332 2263; x_wconf 81' lang='lat' dir='ltr'>sdrtem</span> <span class='ocrx_word' id='word_1_134' title='bbox 1366 2176 1531 2265; x_wconf 82' lang='lat' dir='ltr'>habuit.</span> <span class='ocrx_word' id='word_1_135' title='bbox 1585 2177 1782 2264; x_wconf 79' lang='lat' dir='ltr'>Celebris</span> <span class='ocrx_word' id='word_1_136' title='bbox 1818 2177 1901 2264; x_wconf 84' lang='lat' dir='ltr'>fuit</span> <span class='ocrx_word' id='word_1_137' title='bbox 1938 2178 1996 2265; x_wconf 94' lang='lat' dir='ltr'>ob</span> 
     </span>
     <span class='ocr_line' id='line_1_16' title="bbox 279 2286 1997 2397; baseline 0.001 -20"><span class='ocrx_word' id='word_1_138' title='bbox 279 2290 414 2394; x_wconf 88' lang='lat' dir='ltr'>vitiis,</span> <span class='ocrx_word' id='word_1_139' title='bbox 438 2288 568 2378; x_wconf 75' lang='lat' dir='ltr'>avide</span> <span class='ocrx_word' id='word_1_140' title='bbox 589 2288 843 2376; x_wconf 79' lang='lat' dir='ltr'>convolavit</span> <span class='ocrx_word' id='word_1_141' title='bbox 860 2286 919 2373; x_wconf 93' lang='lat' dir='ltr'>ad</span> <span class='ocrx_word' id='word_1_142' title='bbox 940 2288 1113 2395; x_wconf 90' lang='lat' dir='ltr'>Cyrum,</span> <span class='ocrx_word' id='word_1_143' title='bbox 1165 2290 1477 2377; x_wconf 82' lang='lat' dir='ltr'>miraculdrum</span> <span class='ocrx_word' id='word_1_144' title='bbox 1503 2291 1690 2397; x_wconf 80' lang='lat' dir='ltr'>gldriam</span> <span class='ocrx_word' id='word_1_145' title='bbox 1716 2291 1858 2377; x_wconf 88' lang='lat' dir='ltr'>sancti</span> <span class='ocrx_word' id='word_1_146' title='bbox 1883 2292 1997 2378; x_wconf 81' lang='lat' dir='ltr'>Mar·</span> 
     </span>
     <span class='ocr_line' id='line_1_17' title="bbox 281 2401 1997 2512; baseline 0 -23"><span class='ocrx_word' id='word_1_147' title='bbox 281 2407 462 2512; x_wconf 81' lang='lat' dir='ltr'>ejusque</span> <span class='ocrx_word' id='word_1_148' title='bbox 483 2428 590 2489; x_wconf 85' lang='lat' dir='ltr'>mox</span> <span class='ocrx_word' id='word_1_149' title='bbox 612 2403 754 2489; x_wconf 85' lang='lat' dir='ltr'>factus</span> <span class='ocrx_word' id='word_1_150' title='bbox 773 2401 1050 2489; x_wconf 84' lang='lat' dir='ltr'>contubernii</span> <span class='ocrx_word' id='word_1_151' title='bbox 1068 2413 1113 2489; x_wconf 92' lang='lat' dir='ltr'>et</span> <span class='ocrx_word' id='word_1_152' title='bbox 1165 2404 1275 2512; x_wconf 90' lang='lat' dir='ltr'>tyris</span> <span class='ocrx_word' id='word_1_153' title='bbox 1304 2405 1406 2511; x_wconf 93' lang='lat' dir='ltr'>Cyri</span> <span class='ocrx_word' id='word_1_154' title='bbox 1435 2405 1648 2491; x_wconf 80' lang='lat' dir='ltr'>memcria</span> <span class='ocrx_word' id='word_1_155' title='bbox 1674 2429 1765 2491; x_wconf 92' lang='lat' dir='ltr'>non</span> <span class='ocrx_word' id='word_1_156' title='bbox 1789 2403 1927 2492; x_wconf 92' lang='lat' dir='ltr'>modo</span> <span class='ocrx_word' id='word_1_157' title='bbox 1952 2406 1997 2489; x_wconf 93' lang='lat' dir='ltr'>in</span> 
     </span>
     <span class='ocr_line' id='line_1_18' title="bbox 279 2515 1997 2627; baseline 0.002 -26"><span class='ocrx_word' id='word_1_158' title='bbox 279 2517 472 2604; x_wconf 83' lang='lat' dir='ltr'>instituti</span> <span class='ocrx_word' id='word_1_159' title='bbox 497 2515 740 2624; x_wconf 75' lang='lat' dir='ltr'>pdrticcps,</span> <span class='ocrx_word' id='word_1_160' title='bbox 771 2540 861 2601; x_wconf 93' lang='lat' dir='ltr'>non</span> <span class='ocrx_word' id='word_1_161' title='bbox 886 2525 1114 2624; x_wconf 89' lang='lat' dir='ltr'>tamquam</span> <span class='ocrx_word' id='word_1_162' title='bbox 1165 2519 1375 2627; x_wconf 86' lang='lat' dir='ltr'>AEgypto,</span> <span class='ocrx_word' id='word_1_163' title='bbox 1395 2519 1502 2605; x_wconf 90' lang='lat' dir='ltr'>etin</span> <span class='ocrx_word' id='word_1_164' title='bbox 1519 2528 1617 2605; x_wconf 89' lang='lat' dir='ltr'>tota</span> <span class='ocrx_word' id='word_1_165' title='bbox 1635 2518 1828 2605; x_wconf 78' lang='lat' dir='ltr'>Orientis</span> <span class='ocrx_word' id='word_1_166' title='bbox 1847 2519 1997 2606; x_wconf 79' lang='lat' dir='ltr'>Eccle-</span> 
     </span>
     <span class='ocr_line' id='line_1_19' title="bbox 281 2627 2000 2738; baseline 0.001 -22"><span class='ocrx_word' id='word_1_167' title='bbox 281 2630 470 2738; x_wconf 88' lang='lat' dir='ltr'>simplex</span> <span class='ocrx_word' id='word_1_168' title='bbox 494 2630 636 2716; x_wconf 86' lang='lat' dir='ltr'>sancti</span> <span class='ocrx_word' id='word_1_169' title='bbox 652 2629 736 2714; x_wconf 88' lang='lat' dir='ltr'>viri</span> <span class='ocrx_word' id='word_1_170' title='bbox 759 2627 1016 2731; x_wconf 83' lang='lat' dir='ltr'>admirator,</span> <span class='ocrx_word' id='word_1_171' title='bbox 1041 2655 1113 2715; x_wconf 89' lang='lat' dir='ltr'>ne·</span> <span class='ocrx_word' id='word_1_172' title='bbox 1166 2632 1242 2734; x_wconf 88' lang='lat' dir='ltr'>sia,</span> <span class='ocrx_word' id='word_1_173' title='bbox 1257 2631 1338 2718; x_wconf 86' lang='lat' dir='ltr'>scd</span> <span class='ocrx_word' id='word_1_174' title='bbox 1353 2630 1484 2718; x_wconf 80' lang='lat' dir='ltr'>etiam</span> <span class='ocrx_word' id='word_1_175' title='bbox 1498 2631 1673 2719; x_wconf 84' lang='lat' dir='ltr'>Romae:</span> <span class='ocrx_word' id='word_1_176' title='bbox 1691 2630 1808 2720; x_wconf 91' lang='lat' dir='ltr'>unde</span> <span class='ocrx_word' id='word_1_177' title='bbox 1821 2633 1867 2717; x_wconf 90' lang='lat' dir='ltr'>in</span> <span class='ocrx_word' id='word_1_178' title='bbox 1883 2633 2000 2718; x_wconf 88' lang='lat' dir='ltr'>Cam·</span> 
     </span>
     <span class='ocr_line' id='line_1_20' title="bbox 282 2740 1998 2853; baseline 0.001 -24"><span class='ocrx_word' id='word_1_179' title='bbox 282 2769 368 2852; x_wconf 91' lang='lat' dir='ltr'>que</span> <span class='ocrx_word' id='word_1_180' title='bbox 387 2747 474 2851; x_wconf 86' lang='lat' dir='ltr'>jam</span> <span class='ocrx_word' id='word_1_181' title='bbox 498 2745 564 2829; x_wconf 93' lang='lat' dir='ltr'>uti</span> <span class='ocrx_word' id='word_1_182' title='bbox 588 2741 849 2849; x_wconf 88' lang='lat' dir='ltr'>discipulus,</span> <span class='ocrx_word' id='word_1_183' title='bbox 874 2740 954 2828; x_wconf 92' lang='lat' dir='ltr'>sed</span> <span class='ocrx_word' id='word_1_184' title='bbox 978 2743 1041 2829; x_wconf 90' lang='lat' dir='ltr'>uti</span> <span class='ocrx_word' id='word_1_185' title='bbox 1065 2743 1112 2826; x_wconf 94' lang='lat' dir='ltr'>il·</span> <span class='ocrx_word' id='word_1_186' title='bbox 1165 2746 1342 2853; x_wconf 81' lang='lat' dir='ltr'>paniam</span> <span class='ocrx_word' id='word_1_187' title='bbox 1368 2769 1509 2851; x_wconf 90' lang='lat' dir='ltr'>usque</span> <span class='ocrx_word' id='word_1_188' title='bbox 1536 2772 1589 2832; x_wconf 93' lang='lat' dir='ltr'>ac</span> <span class='ocrx_word' id='word_1_189' title='bbox 1611 2746 1861 2853; x_wconf 84' lang='lat' dir='ltr'>praesertim</span> <span class='ocrx_word' id='word_1_190' title='bbox 1883 2746 1998 2831; x_wconf 79' lang='lat' dir='ltr'>Nea-</span> 
     </span>
     <span class='ocr_line' id='line_1_21' title="bbox 279 2855 1998 2968; baseline 0.001 -25"><span class='ocrx_word' id='word_1_191' title='bbox 279 2857 364 2943; x_wconf 89' lang='lat' dir='ltr'>lius</span> <span class='ocrx_word' id='word_1_192' title='bbox 395 2859 609 2943; x_wconf 82' lang='lat' dir='ltr'>virtutum</span> <span class='ocrx_word' id='word_1_193' title='bbox 641 2855 872 2942; x_wconf 83' lang='lat' dir='ltr'>aemulator</span> <span class='ocrx_word' id='word_1_194' title='bbox 903 2855 1114 2942; x_wconf 90' lang='lat' dir='ltr'>ardentis·</span> <span class='ocrx_word' id='word_1_195' title='bbox 1165 2857 1303 2965; x_wconf 90' lang='lat' dir='ltr'>polim</span> <span class='ocrx_word' id='word_1_196' title='bbox 1338 2858 1524 2945; x_wconf 83' lang='lat' dir='ltr'>feliciter</span> <span class='ocrx_word' id='word_1_197' title='bbox 1558 2863 1806 2968; x_wconf 80' lang='lat' dir='ltr'>propagata</span> <span class='ocrx_word' id='word_1_198' title='bbox 1836 2884 1998 2964; x_wconf 85' lang='lat' dir='ltr'>magno</span> 
     </span>
     <span class='ocr_line' id='line_1_22' title="bbox 282 2968 2000 3074; baseline 0.001 -18"><span class='ocrx_word' id='word_1_199' title='bbox 282 2971 434 3074; x_wconf 88' lang='lat' dir='ltr'>simus,</span> <span class='ocrx_word' id='word_1_200' title='bbox 460 2996 509 3055; x_wconf 92' lang='lat' dir='ltr'>se</span> <span class='ocrx_word' id='word_1_201' title='bbox 534 2969 575 3055; x_wconf 90' lang='lat' dir='ltr'>ei</span> <span class='ocrx_word' id='word_1_202' title='bbox 600 2973 780 3055; x_wconf 90' lang='lat' dir='ltr'>omnino</span> <span class='ocrx_word' id='word_1_203' title='bbox 807 2969 995 3055; x_wconf 88' lang='lat' dir='ltr'>similem</span> <span class='ocrx_word' id='word_1_204' title='bbox 1018 2968 1115 3055; x_wconf 77' lang='lat' dir='ltr'>red·</span> <span class='ocrx_word' id='word_1_205' title='bbox 1167 2969 1418 3058; x_wconf 79' lang='lat' dir='ltr'>devotidnis</span> <span class='ocrx_word' id='word_1_206' title='bbox 1439 2971 1601 3060; x_wconf 84' lang='lat' dir='ltr'>affectu</span> <span class='ocrx_word' id='word_1_207' title='bbox 1621 2971 1784 3060; x_wconf 87' lang='lat' dir='ltr'>Christi</span> <span class='ocrx_word' id='word_1_208' title='bbox 1801 2970 2000 3061; x_wconf 86' lang='lat' dir='ltr'>fidelium</span> 
     </span>
    </p>
   </div>
   <div class='ocr_carea' id='block_1_3' title="bbox 283 3083 2154 3193">
    <p class='ocr_par' dir='ltr' id='par_1_3' title="bbox 283 3083 2154 3193">
     <span class='ocr_line' id='line_1_23' title="bbox 283 3083 2154 3193; baseline 0.001 -22"><span class='ocrx_word' id='word_1_209' title='bbox 283 3085 390 3173; x_wconf 88' lang='lat' dir='ltr'>dere</span> <span class='ocrx_word' id='word_1_210' title='bbox 409 3083 665 3170; x_wconf 80' lang='lat' dir='ltr'>conabdtur.</span> <span class='ocrx_word' id='word_1_211' title='bbox 1167 3086 1337 3170; x_wconf 72' lang='lat' dir='ltr'>animos</span> <span class='ocrx_word' id='word_1_212' title='bbox 1351 3085 1648 3173; x_wconf 79' lang='lat' dir='ltr'>inflammavit</span> <span class='ocrx_word' id='word_1_213' title='bbox 1676 3088 1823 3193; x_wconf 87' lang='lat' dir='ltr'>Quare</span> <span class='ocrx_word' id='word_1_214' title='bbox 1837 3087 1999 3174; x_wconf 70' lang='lat' dir='ltr'>instin-</span> <span class='ocrx_word' id='word_1_215' title='bbox 2152 3093 2154 3114; x_wconf 74' lang='lat'><strong>⁴</strong></span> 
     </span>
    </p>
   </div>
   <div class='ocr_carea' id='block_1_4' title="bbox 280 3195 2000 5688">
    <p class='ocr_par' dir='ltr' id='par_1_4' title="bbox 280 3195 2000 5688">
     <span class='ocr_line' id='line_1_24' title="bbox 339 3195 1999 3308; baseline 0.001 -25"><span class='ocrx_word' id='word_1_216' title='bbox 339 3197 391 3304; x_wconf 68' lang='lat' dir='ltr'>Re.</span> <span class='ocrx_word' id='word_1_217' title='bbox 410 3195 693 3287; x_wconf 76' lang='lat' dir='ltr'>Desiderium</span> <span class='ocrx_word' id='word_1_218' title='bbox 711 3195 880 3282; x_wconf 65' lang='lat' dir='ltr'>animae.</span> <span class='ocrx_word' id='word_1_219' title='bbox 1166 3198 1284 3285; x_wconf 91' lang='lat' dir='ltr'>tibus</span> <span class='ocrx_word' id='word_1_220' title='bbox 1300 3199 1448 3306; x_wconf 90' lang='lat' dir='ltr'>Xysto</span> <span class='ocrx_word' id='word_1_221' title='bbox 1473 3199 1685 3288; x_wconf 78' lang='lat' dir='ltr'>cardinali</span> <span class='ocrx_word' id='word_1_222' title='bbox 1706 3200 1999 3308; x_wconf 90' lang='lat' dir='ltr'>archiepisco·</span> 
     </span>
     <span class='ocr_line' id='line_1_25' title="bbox 588 3308 2000 3420; baseline 0.001 -24"><span class='ocrx_word' id='word_1_223' title='bbox 588 3311 741 3397; x_wconf 87' lang='lat' dir='ltr'>Lectio</span> <span class='ocrx_word' id='word_1_224' title='bbox 760 3308 814 3391; x_wconf 88' lang='lat' dir='ltr'>vi.</span> <span class='ocrx_word' id='word_1_225' title='bbox 1166 3336 1226 3420; x_wconf 89' lang='lat' dir='ltr'>po</span> <span class='ocrx_word' id='word_1_226' title='bbox 1242 3321 1287 3398; x_wconf 88' lang='lat' dir='ltr'>et</span> <span class='ocrx_word' id='word_1_227' title='bbox 1300 3311 1418 3399; x_wconf 88' lang='lat' dir='ltr'>clero</span> <span class='ocrx_word' id='word_1_228' title='bbox 1432 3312 1741 3420; x_wconf 80' lang='lat' dir='ltr'>Neapolitano,</span> <span class='ocrx_word' id='word_1_229' title='bbox 1755 3315 1862 3400; x_wconf 91' lang='lat' dir='ltr'>Pius</span> <span class='ocrx_word' id='word_1_230' title='bbox 1875 3313 2000 3420; x_wconf 89' lang='lat' dir='ltr'>Papa</span> 
     </span>
     <span class='ocr_line' id='line_1_26' title="bbox 331 3423 1998 3536; baseline 0.001 -26"><span class='ocrx_word' id='word_1_231' title='bbox 331 3428 486 3510; x_wconf 81' lang='lat' dir='ltr'>nterea</span> <span class='ocrx_word' id='word_1_232' title='bbox 528 3423 743 3532; x_wconf 76' lang='lat' dir='ltr'>temporis</span> <span class='ocrx_word' id='word_1_233' title='bbox 780 3423 1114 3528; x_wconf 79' lang='lat' dir='ltr'>ingravescente</span> <span class='ocrx_word' id='word_1_234' title='bbox 1166 3449 1309 3510; x_wconf 91' lang='lat' dir='ltr'>nonus</span> <span class='ocrx_word' id='word_1_235' title='bbox 1326 3423 1382 3513; x_wconf 89' lang='lat' dir='ltr'>de</span> <span class='ocrx_word' id='word_1_236' title='bbox 1402 3423 1561 3513; x_wconf 73' lang='lat' dir='ltr'>ecdem</span> <span class='ocrx_word' id='word_1_237' title='bbox 1578 3436 1733 3515; x_wconf 89' lang='lat' dir='ltr'>sancto</span> <span class='ocrx_word' id='word_1_238' title='bbox 1753 3427 1869 3536; x_wconf 91' lang='lat' dir='ltr'>Cyro</span> <span class='ocrx_word' id='word_1_239' title='bbox 1883 3426 1998 3511; x_wconf 74' lang='lat' dir='ltr'>Mir-</span> 
     </span>
     <span class='ocr_line' id='line_1_27' title="bbox 349 3537 2000 3647; baseline 0.001 -24"><span class='ocrx_word' id='word_1_240' title='bbox 349 3537 617 3626; x_wconf 73' lang='lat' dir='ltr'>Dioclctiani</span> <span class='ocrx_word' id='word_1_241' title='bbox 634 3537 953 3644; x_wconf 79' lang='lat' dir='ltr'>persecutidne,</span> <span class='ocrx_word' id='word_1_242' title='bbox 973 3545 1024 3621; x_wconf 95' lang='lat' dir='ltr'>ut</span> <span class='ocrx_word' id='word_1_243' title='bbox 1041 3561 1114 3620; x_wconf 90' lang='lat' dir='ltr'>au·</span> <span class='ocrx_word' id='word_1_244' title='bbox 1166 3547 1263 3646; x_wconf 87' lang='lat' dir='ltr'>tyre</span> <span class='ocrx_word' id='word_1_245' title='bbox 1278 3537 1484 3625; x_wconf 87' lang='lat' dir='ltr'>Officium</span> <span class='ocrx_word' id='word_1_246' title='bbox 1501 3549 1545 3626; x_wconf 91' lang='lat' dir='ltr'>et</span> <span class='ocrx_word' id='word_1_247' title='bbox 1558 3539 1749 3641; x_wconf 86' lang='lat' dir='ltr'>Missam,</span> <span class='ocrx_word' id='word_1_248' title='bbox 1768 3538 1898 3626; x_wconf 88' lang='lat' dir='ltr'>sicuti</span> <span class='ocrx_word' id='word_1_249' title='bbox 1912 3540 2000 3647; x_wconf 90' lang='lat' dir='ltr'>jam</span> 
     </span>
     <span class='ocr_line' id='line_1_28' title="bbox 282 3648 1999 3759; baseline -0.001 -20"><span class='ocrx_word' id='word_1_250' title='bbox 282 3652 393 3739; x_wconf 87' lang='lat' dir='ltr'>divit</span> <span class='ocrx_word' id='word_1_251' title='bbox 407 3652 560 3759; x_wconf 80' lang='lat' dir='ltr'>Cyrus,</span> <span class='ocrx_word' id='word_1_252' title='bbox 578 3648 889 3754; x_wconf 83' lang='lat' dir='ltr'>Theactistem,</span> <span class='ocrx_word' id='word_1_253' title='bbox 908 3648 1114 3736; x_wconf 78' lang='lat' dir='ltr'>Theddo·</span> <span class='ocrx_word' id='word_1_254' title='bbox 1166 3651 1271 3739; x_wconf 77' lang='lat' dir='ltr'>alibi</span> <span class='ocrx_word' id='word_1_255' title='bbox 1294 3655 1555 3740; x_wconf 77' lang='lat' dir='ltr'>concessum</span> <span class='ocrx_word' id='word_1_256' title='bbox 1572 3653 1730 3758; x_wconf 81' lang='lat' dir='ltr'>fuerat,</span> <span class='ocrx_word' id='word_1_257' title='bbox 1755 3655 1801 3738; x_wconf 93' lang='lat' dir='ltr'>in</span> <span class='ocrx_word' id='word_1_258' title='bbox 1819 3653 1999 3740; x_wconf 79' lang='lat' dir='ltr'>civitate</span> 
     </span>
     <span class='ocr_line' id='line_1_29' title="bbox 281 3763 1998 3874; baseline 0 -23"><span class='ocrx_word' id='word_1_259' title='bbox 281 3774 392 3868; x_wconf 89' lang='lat' dir='ltr'>tam,</span> <span class='ocrx_word' id='word_1_260' title='bbox 428 3772 473 3851; x_wconf 89' lang='lat' dir='ltr'>et</span> <span class='ocrx_word' id='word_1_261' title='bbox 507 3763 758 3850; x_wconf 76' lang='lat' dir='ltr'>Euddxiam</span> <span class='ocrx_word' id='word_1_262' title='bbox 788 3763 996 3868; x_wconf 84' lang='lat' dir='ltr'>Virgines</span> <span class='ocrx_word' id='word_1_263' title='bbox 1027 3787 1115 3848; x_wconf 92' lang='lat' dir='ltr'>una</span> <span class='ocrx_word' id='word_1_264' title='bbox 1165 3763 1272 3851; x_wconf 87' lang='lat' dir='ltr'>item</span> <span class='ocrx_word' id='word_1_265' title='bbox 1290 3792 1342 3851; x_wconf 89' lang='lat' dir='ltr'>ac</span> <span class='ocrx_word' id='word_1_266' title='bbox 1361 3764 1545 3854; x_wconf 79' lang='lat' dir='ltr'>dioecesi</span> <span class='ocrx_word' id='word_1_267' title='bbox 1557 3765 1855 3874; x_wconf 79' lang='lat' dir='ltr'>Neapolitana</span> <span class='ocrx_word' id='word_1_268' title='bbox 1871 3775 1998 3873; x_wconf 88' lang='lat' dir='ltr'>quot·</span> 
     </span>
     <span class='ocr_line' id='line_1_30' title="bbox 282 3875 1999 3987; baseline -0.002 -20"><span class='ocrx_word' id='word_1_269' title='bbox 282 3906 382 3968; x_wconf 94' lang='lat' dir='ltr'>cum</span> <span class='ocrx_word' id='word_1_270' title='bbox 424 3887 567 3965; x_wconf 90' lang='lat' dir='ltr'>matre</span> <span class='ocrx_word' id='word_1_271' title='bbox 602 3877 846 3963; x_wconf 79' lang='lat' dir='ltr'>Athanasia</span> <span class='ocrx_word' id='word_1_272' title='bbox 882 3878 929 3960; x_wconf 93' lang='lat' dir='ltr'>in</span> <span class='ocrx_word' id='word_1_273' title='bbox 964 3875 1115 3962; x_wconf 77' lang='lat' dir='ltr'>‹idium</span> <span class='ocrx_word' id='word_1_274' title='bbox 1167 3879 1292 3962; x_wconf 72' lang='lat' dir='ltr'>dunis</span> <span class='ocrx_word' id='word_1_275' title='bbox 1320 3878 1391 3965; x_wconf 91' lang='lat' dir='ltr'>die</span> <span class='ocrx_word' id='word_1_276' title='bbox 1418 3879 1559 3987; x_wconf 85' lang='lat' dir='ltr'>ipsius</span> <span class='ocrx_word' id='word_1_277' title='bbox 1587 3879 1788 3967; x_wconf 87' lang='lat' dir='ltr'>natalitio</span> <span class='ocrx_word' id='word_1_278' title='bbox 1821 3878 1999 3966; x_wconf 72' lang='lat' dir='ltr'>recitari</span> 
     </span>
     <span class='ocr_line' id='line_1_31' title="bbox 282 3990 1656 4098; baseline 0.001 -20"><span class='ocrx_word' id='word_1_279' title='bbox 282 3992 507 4078; x_wconf 76' lang='lat' dir='ltr'>christiani</span> <span class='ocrx_word' id='word_1_280' title='bbox 544 3990 735 4076; x_wconf 82' lang='lat' dir='ltr'>miminis</span> <span class='ocrx_word' id='word_1_281' title='bbox 771 3990 1114 4098; x_wconf 77' lang='lat' dir='ltr'>comprehensas</span> <span class='ocrx_word' id='word_1_282' title='bbox 1167 4001 1211 4078; x_wconf 90' lang='lat' dir='ltr'>et</span> <span class='ocrx_word' id='word_1_283' title='bbox 1230 3990 1446 4078; x_wconf 76' lang='lat' dir='ltr'>celebrdri</span> <span class='ocrx_word' id='word_1_284' title='bbox 1461 3993 1656 4080; x_wconf 77' lang='lat' dir='ltr'>indulsit</span> 
     </span>
     <span class='ocr_line' id='line_1_32' title="bbox 283 4103 1733 4236; baseline 0 -37"><span class='ocrx_word' id='word_1_285' title='bbox 283 4114 328 4190; x_wconf 87' lang='lat' dir='ltr'>et</span> <span class='ocrx_word' id='word_1_286' title='bbox 367 4105 453 4236; x_wconf 73' lang='lat' dir='ltr'>iam</span> <span class='ocrx_word' id='word_1_287' title='bbox 486 4105 532 4188; x_wconf 90' lang='lat' dir='ltr'>in</span> <span class='ocrx_word' id='word_1_288' title='bbox 568 4104 798 4211; x_wconf 72' lang='lat' dir='ltr'>Canopum</span> <span class='ocrx_word' id='word_1_289' title='bbox 831 4103 1115 4236; x_wconf 68' lang='lat' dir='ltr'>nlexandriae</span> <span class='ocrx_word' id='word_1_290' title='bbox 1222 4117 1274 4224; x_wconf 60' lang='lat' dir='ltr'>ly.</span> <span class='ocrx_word' id='word_1_291' title='bbox 1296 4111 1420 4201; x_wconf 85' lang='lat' dir='ltr'>stola</span> <span class='ocrx_word' id='word_1_292' title='bbox 1438 4115 1733 4221; x_wconf 80' lang='lat' dir='ltr'>jucunditatis.</span> 
     </span>
     <span class='ocr_line' id='line_1_33' title="bbox 281 4216 2000 4351; baseline 0.002 -17"><span class='ocrx_word' id='word_1_293' title='bbox 281 4222 535 4351; x_wconf 55' lang='lat' dir='ltr'>prOalmum</span> <span class='ocrx_word' id='word_1_294' title='bbox 561 4216 735 4320; x_wconf 39' lang='lat' dir='ltr'><strong>ducta&amp;</strong></span> <span class='ocrx_word' id='word_1_295' title='bbox 767 4219 933 4349; x_wconf 33' lang='lat' dir='ltr'>veritis</span> <span class='ocrx_word' id='word_1_296' title='bbox 961 4243 1017 4304; x_wconf 65' lang='lat' dir='ltr'>ne</span> <span class='ocrx_word' id='word_1_297' title='bbox 1044 4217 1116 4303; x_wconf 62' lang='lat' dir='ltr'>vel</span> <span class='ocrx_word' id='word_1_298' title='bbox 1222 4265 1267 4334; x_wconf 90' lang='lat' dir='ltr'>In</span> <span class='ocrx_word' id='word_1_299' title='bbox 1293 4265 1358 4335; x_wconf 90' lang='grc' dir='ltr'>ΠΙ.</span> <span class='ocrx_word' id='word_1_300' title='bbox 1380 4265 1581 4336; x_wconf 91' lang='lat' dir='ltr'>Nocturno</span> <span class='ocrx_word' id='word_1_301' title='bbox 1610 4265 1815 4336; x_wconf 86' lang='lat' dir='ltr'>Lectiones</span> <span class='ocrx_word' id='word_1_302' title='bbox 1846 4266 1894 4338; x_wconf 87' lang='lat' dir='ltr'>de</span> <span class='ocrx_word' id='word_1_303' title='bbox 1921 4266 2000 4338; x_wconf 89' lang='lat' dir='ltr'>Ho-</span> 
     </span>
     <span class='ocr_line' id='line_1_34' title="bbox 283 4329 1997 4451; baseline -0.001 -34"><span class='ocrx_word' id='word_1_304' title='bbox 283 4336 438 4435; x_wconf 66' lang='lat' dir='ltr'>aetam,</span> <span class='ocrx_word' id='word_1_305' title='bbox 459 4329 532 4418; x_wconf 86' lang='lat' dir='ltr'>vel</span> <span class='ocrx_word' id='word_1_306' title='bbox 552 4354 685 4417; x_wconf 82' lang='lat' dir='ltr'>sexus</span> <span class='ocrx_word' id='word_1_307' title='bbox 702 4329 1016 4432; x_wconf 73' lang='lat' dir='ltr'>mbecrlhtate</span> <span class='ocrx_word' id='word_1_308' title='bbox 1040 4340 1117 4416; x_wconf 83' lang='lat' dir='ltr'>aut</span> <span class='ocrx_word' id='word_1_309' title='bbox 1170 4363 1278 4432; x_wconf 67' lang='lat' dir='ltr'>mffia</span> <span class='ocrx_word' id='word_1_310' title='bbox 1308 4364 1348 4432; x_wconf 69' lang='lat' dir='ltr'>jn</span> <span class='ocrx_word' id='word_1_311' title='bbox 1371 4363 1556 4451; x_wconf 79' lang='lat' dir='ltr'>Evangel.</span> <span class='ocrx_word' id='word_1_312' title='bbox 1584 4359 1694 4431; x_wconf 71' lang='lat' dir='ltr'>Nihil</span> <span class='ocrx_word' id='word_1_313' title='bbox 1721 4367 1781 4432; x_wconf 71' lang='lat' dir='ltr'>est</span> <span class='ocrx_word' id='word_1_314' title='bbox 1810 4360 1997 4449; x_wconf 66' lang='lat' dir='ltr'>opertum</span> 
     </span>
     <span class='ocr_line' id='line_1_35' title="bbox 283 4445 1783 4555; baseline -0.003 -23"><span class='ocrx_word' id='word_1_315' title='bbox 283 4445 604 4555; x_wconf 77' lang='lat' dir='ltr'>supplicidrum</span> <span class='ocrx_word' id='word_1_316' title='bbox 638 4445 829 4545; x_wconf 70' lang='lat' dir='ltr'>terrere,</span> <span class='ocrx_word' id='word_1_317' title='bbox 873 4453 949 4530; x_wconf 85' lang='lat' dir='ltr'>aut</span> <span class='ocrx_word' id='word_1_318' title='bbox 984 4445 1116 4530; x_wconf 81' lang='lat' dir='ltr'>etiam</span> <span class='ocrx_word' id='word_1_319' title='bbox 1172 4459 1219 4528; x_wconf 84' lang='lat' dir='ltr'>de</span> <span class='ocrx_word' id='word_1_320' title='bbox 1244 4460 1381 4530; x_wconf 82' lang='lat' dir='ltr'>codem</span> <span class='ocrx_word' id='word_1_321' title='bbox 1405 4457 1609 4532; x_wconf 83' lang='lat' dir='ltr'>Communi</span> <span class='ocrx_word' id='word_1_322' title='bbox 1631 4457 1661 4528; x_wconf 83' lang='lat'>3.</span> <span class='ocrx_word' id='word_1_323' title='bbox 1685 4459 1783 4530; x_wconf 82' lang='lat' dir='ltr'>loco.</span> 
     </span>
     <span class='ocr_line' id='line_1_36' title="bbox 280 4556 1764 4665; baseline -0.002 -18"><span class='ocrx_word' id='word_1_324' title='bbox 280 4558 509 4648; x_wconf 86' lang='lat' dir='ltr'>blanditiis</span> <span class='ocrx_word' id='word_1_325' title='bbox 531 4559 660 4645; x_wconf 85' lang='lat' dir='ltr'>victae</span> <span class='ocrx_word' id='word_1_326' title='bbox 680 4556 939 4659; x_wconf 84' lang='lat' dir='ltr'>delicerent,</span> <span class='ocrx_word' id='word_1_327' title='bbox 962 4557 1115 4646; x_wconf 85' lang='lat' dir='ltr'>adeas</span> <span class='ocrx_word' id='word_1_328' title='bbox 1428 4644 1437 4665; x_wconf 73' lang='grc'><em>,</em></span> <span class='ocrx_word' id='word_1_329' title='bbox 1740 4645 1764 4664; x_wconf 71' lang='grc'>,,</span> 
     </span>
     <span class='ocr_line' id='line_1_37' title="bbox 282 4645 1778 4777; baseline -0.001 -17"><span class='ocrx_word' id='word_1_330' title='bbox 282 4670 609 4760; x_wconf 62' lang='lat' dir='ltr'>confirmandas</span> <span class='ocrx_word' id='word_1_331' title='bbox 631 4669 735 4758; x_wconf 92' lang='lat' dir='ltr'>illuc</span> <span class='ocrx_word' id='word_1_332' title='bbox 754 4671 929 4777; x_wconf 89' lang='lat' dir='ltr'>etipse,</span> <span class='ocrx_word' id='word_1_333' title='bbox 955 4674 1116 4758; x_wconf 67' lang='lat' dir='ltr'>comite</span> <span class='ocrx_word' id='word_1_334' title='bbox 1381 4645 1467 4731; x_wconf 61' lang='lat'>1³10</span> <span class='ocrx_word' id='word_1_335' title='bbox 1485 4647 1523 4730; x_wconf 88' lang='lat'>3·</span> <span class='ocrx_word' id='word_1_336' title='bbox 1539 4646 1778 4732; x_wconf 66' lang='lat' dir='ltr'>Febfflffl&#39;ss·</span> 
     </span>
     <span class='ocr_line' id='line_1_38' title="bbox 281 4779 1935 4889; baseline -0.004 -18"><span class='ocrx_word' id='word_1_337' title='bbox 281 4787 470 4889; x_wconf 76' lang='lat' dir='ltr'>Jodnne,</span> <span class='ocrx_word' id='word_1_338' title='bbox 500 4785 610 4870; x_wconf 91' lang='lat' dir='ltr'>mire</span> <span class='ocrx_word' id='word_1_339' title='bbox 641 4783 857 4870; x_wconf 86' lang='lat' dir='ltr'>sollicitus</span> <span class='ocrx_word' id='word_1_340' title='bbox 885 4809 940 4870; x_wconf 88' lang='lat' dir='ltr'>ex</span> <span class='ocrx_word' id='word_1_341' title='bbox 966 4788 1115 4871; x_wconf 80' lang='lat' dir='ltr'>eremo</span> <span class='ocrx_word' id='word_1_342' title='bbox 1245 4783 1291 4868; x_wconf 84' lang='lat' dir='ltr'>S.</span> <span class='ocrx_word' id='word_1_343' title='bbox 1309 4781 1467 4868; x_wconf 81' lang='lat' dir='ltr'>Blasii</span> <span class='ocrx_word' id='word_1_344' title='bbox 1491 4783 1634 4888; x_wconf 87' lang='lat' dir='ltr'>Episc.</span> <span class='ocrx_word' id='word_1_345' title='bbox 1654 4791 1698 4864; x_wconf 89' lang='lat' dir='ltr'>et</span> <span class='ocrx_word' id='word_1_346' title='bbox 1717 4779 1935 4886; x_wconf 85' lang='lat' dir='ltr'>Martyris.</span> 
     </span>
     <span class='ocr_line' id='line_1_39' title="bbox 282 4896 1742 5008; baseline -0.003 -22"><span class='ocrx_word' id='word_1_347' title='bbox 282 4901 490 5008; x_wconf 70' lang='lat' dir='ltr'>perr6xit.</span> <span class='ocrx_word' id='word_1_348' title='bbox 517 4897 644 4985; x_wconf 84' lang='lat' dir='ltr'>Tunc</span> <span class='ocrx_word' id='word_1_349' title='bbox 656 4896 822 4985; x_wconf 55' lang='lat' dir='ltr'>athleta</span> <span class='ocrx_word' id='word_1_350' title='bbox 838 4896 1002 4983; x_wconf 77' lang='lat' dir='ltr'>Christi</span> <span class='ocrx_word' id='word_1_351' title='bbox 1014 4924 1115 5006; x_wconf 88' lang='lat' dir='ltr'>pro·</span> <span class='ocrx_word' id='word_1_352' title='bbox 1427 4911 1584 5002; x_wconf 85' lang='lat' dir='ltr'>Duplex</span> <span class='ocrx_word' id='word_1_353' title='bbox 1607 4913 1742 5002; x_wconf 81' lang='lat' dir='ltr'>majus</span> 
     </span>
     <span class='ocr_line' id='line_1_40' title="bbox 282 5011 1998 5124; baseline 0.002 -26"><span class='ocrx_word' id='word_1_354' title='bbox 282 5023 382 5122; x_wconf 86' lang='lat' dir='ltr'>pter</span> <span class='ocrx_word' id='word_1_355' title='bbox 400 5011 593 5120; x_wconf 79' lang='lat' dir='ltr'>virgines</span> <span class='ocrx_word' id='word_1_356' title='bbox 618 5011 676 5098; x_wconf 87' lang='lat' dir='ltr'>ad</span> <span class='ocrx_word' id='word_1_357' title='bbox 698 5011 804 5098; x_wconf 83' lang='lat' dir='ltr'>fidei</span> <span class='ocrx_word' id='word_1_358' title='bbox 825 5011 1116 5098; x_wconf 70' lang='lat' dir='ltr'>constentiam</span> <span class='ocrx_word' id='word_1_359' title='bbox 1226 5033 1364 5104; x_wconf 91' lang='lat' dir='ltr'>Omnia</span> <span class='ocrx_word' id='word_1_360' title='bbox 1383 5044 1425 5106; x_wconf 90' lang='lat' dir='ltr'>ut</span> <span class='ocrx_word' id='word_1_361' title='bbox 1441 5037 1541 5106; x_wconf 87' lang='lat' dir='ltr'>intcr</span> <span class='ocrx_word' id='word_1_362' title='bbox 1556 5035 1657 5106; x_wconf 86' lang='lat' dir='ltr'>festa</span> <span class='ocrx_word' id='word_1_363' title='bbox 1677 5055 1749 5124; x_wconf 91' lang='lat' dir='ltr'>pro</span> <span class='ocrx_word' id='word_1_364' title='bbox 1768 5033 1885 5123; x_wconf 88' lang='lat' dir='ltr'>aliqu.</span> <span class='ocrx_word' id='word_1_365' title='bbox 1902 5033 1998 5108; x_wconf 86' lang='lat' dir='ltr'>locis</span> 
     </span>
     <span class='ocr_line' id='line_1_41' title="bbox 281 5125 1999 5233; baseline -0.004 -28"><span class='ocrx_word' id='word_1_366' title='bbox 281 5127 539 5230; x_wconf 73' lang='lat' dir='ltr'>instructas,</span> <span class='ocrx_word' id='word_1_367' title='bbox 576 5127 697 5232; x_wconf 86' lang='lat' dir='ltr'>cujus</span> <span class='ocrx_word' id='word_1_368' title='bbox 730 5125 1019 5233; x_wconf 69' lang='lat' dir='ltr'>profesnidnis</span> <span class='ocrx_word' id='word_1_369' title='bbox 1050 5149 1115 5209; x_wconf 80' lang='lat' dir='ltr'>es·</span> <span class='ocrx_word' id='word_1_370' title='bbox 1173 5130 1309 5200; x_wconf 86' lang='lat' dir='ltr'>eadem</span> <span class='ocrx_word' id='word_1_371' title='bbox 1344 5131 1422 5220; x_wconf 89' lang='lat' dir='ltr'>dic,</span> <span class='ocrx_word' id='word_1_372' title='bbox 1455 5141 1597 5220; x_wconf 85' lang='lat' dir='ltr'>praetcr</span> <span class='ocrx_word' id='word_1_373' title='bbox 1628 5133 1730 5202; x_wconf 88' lang='lat' dir='ltr'>Lect.</span> <span class='ocrx_word' id='word_1_374' title='bbox 1759 5131 1786 5201; x_wconf 89' lang='grc' dir='ltr'>Ι.</span> <span class='ocrx_word' id='word_1_375' title='bbox 1810 5129 1999 5201; x_wconf 80' lang='lat' dir='ltr'>Nocturni</span> 
     </span>
     <span class='ocr_line' id='line_1_42' title="bbox 283 5225 1998 5346; baseline -0.005 -20"><span class='ocrx_word' id='word_1_376' title='bbox 283 5248 368 5344; x_wconf 87' lang='lat' dir='ltr'>set,</span> <span class='ocrx_word' id='word_1_377' title='bbox 395 5239 612 5339; x_wconf 84' lang='lat' dir='ltr'>detectus,</span> <span class='ocrx_word' id='word_1_378' title='bbox 637 5249 681 5325; x_wconf 92' lang='lat' dir='ltr'>et</span> <span class='ocrx_word' id='word_1_379' title='bbox 704 5236 827 5346; x_wconf 90' lang='lat' dir='ltr'>quod</span> <span class='ocrx_word' id='word_1_380' title='bbox 849 5238 988 5324; x_wconf 77' lang='lat' dir='ltr'>libere</span> <span class='ocrx_word' id='word_1_381' title='bbox 1011 5236 1115 5325; x_wconf 78' lang='lat' dir='ltr'>ded·</span> <span class='ocrx_word' id='word_1_382' title='bbox 1171 5225 1372 5339; x_wconf 49' lang='grc' dir='ltr'>ᾼΜῑὲὄῒθ·</span> <span class='ocrx_word' id='word_1_383' title='bbox 1402 5238 1439 5298; x_wconf 64' lang='grc' dir='ltr'>θῒ</span> <span class='ocrx_word' id='word_1_384' title='bbox 1467 5229 1534 5300; x_wconf 84' lang='lat'>111.</span> <span class='ocrx_word' id='word_1_385' title='bbox 1561 5229 1753 5340; x_wconf 75' lang='lat' dir='ltr'>Nocturni</span> <span class='ocrx_word' id='word_1_386' title='bbox 1785 5229 1826 5339; x_wconf 76' lang='lat' dir='ltr'>in</span> <span class='ocrx_word' id='word_1_387' title='bbox 1853 5229 1998 5322; x_wconf 75' lang='lat' dir='ltr'>Evang.</span> 
     </span>
     <span class='ocr_line' id='line_1_43' title="bbox 282 5322 1999 5492; baseline -0.002 -54"><span class='ocrx_word' id='word_1_388' title='bbox 282 5379 381 5438; x_wconf 91' lang='lat' dir='ltr'>rum</span> <span class='ocrx_word' id='word_1_389' title='bbox 405 5354 571 5439; x_wconf 91' lang='lat' dir='ltr'>cultum</span> <span class='ocrx_word' id='word_1_390' title='bbox 593 5356 911 5454; x_wconf 84' lang='lat' dir='ltr'>contemneret,</span> <span class='ocrx_word' id='word_1_391' title='bbox 938 5355 1114 5438; x_wconf 70' lang='lat' dir='ltr'>accusat·</span> <span class='ocrx_word' id='word_1_392' title='bbox 1170 5323 1324 5492; x_wconf 43' lang='lat'>{¹123</span> <span class='ocrx_word' id='word_1_393' title='bbox 1342 5322 1436 5394; x_wconf 52' lang='grc' dir='ltr'>νὼ</span> <span class='ocrx_word' id='word_1_394' title='bbox 1463 5326 1510 5398; x_wconf 82' lang='lat' dir='ltr'>de</span> <span class='ocrx_word' id='word_1_395' title='bbox 1533 5327 1738 5400; x_wconf 85' lang='lat' dir='ltr'>Commum</span> <span class='ocrx_word' id='word_1_396' title='bbox 1760 5347 1875 5398; x_wconf 83' lang='lat' dir='ltr'>umus</span> <span class='ocrx_word' id='word_1_397' title='bbox 1892 5323 1999 5396; x_wconf 79' lang='lat' dir='ltr'>Mart.</span> 
     </span>
     <span class='ocr_line' id='line_1_44' title="bbox 282 5464 1324 5576; baseline -0.006 -23"><span class='ocrx_word' id='word_1_398' title='bbox 282 5476 372 5571; x_wconf 90' lang='lat' dir='ltr'>tus,</span> <span class='ocrx_word' id='word_1_399' title='bbox 395 5467 521 5576; x_wconf 88' lang='lat' dir='ltr'>impii</span> <span class='ocrx_word' id='word_1_400' title='bbox 535 5467 707 5575; x_wconf 73' lang='lat' dir='ltr'>Syridni</span> <span class='ocrx_word' id='word_1_401' title='bbox 730 5469 851 5573; x_wconf 90' lang='lat' dir='ltr'>jussu</span> <span class='ocrx_word' id='word_1_402' title='bbox 873 5467 919 5551; x_wconf 93' lang='lat' dir='ltr'>in</span> <span class='ocrx_word' id='word_1_403' title='bbox 941 5464 1116 5576; x_wconf 82' lang='lat' dir='ltr'>vincula</span> <span class='ocrx_word' id='word_1_404' title='bbox 1194 5474 1201 5490; x_wconf 88' lang='grc'><em>“</em></span> <span class='ocrx_word' id='word_1_405' title='bbox 1317 5475 1324 5490; x_wconf 89' lang='grc'>·</span> 
     </span>
     <span class='ocr_line' id='line_1_45' title="bbox 283 5578 1115 5688; baseline -0.004 -21"><span class='ocrx_word' id='word_1_406' title='bbox 283 5581 529 5688; x_wconf 88' lang='lat' dir='ltr'>conjicitur:</span> <span class='ocrx_word' id='word_1_407' title='bbox 552 5588 597 5666; x_wconf 88' lang='lat' dir='ltr'>et</span> <span class='ocrx_word' id='word_1_408' title='bbox 619 5602 724 5665; x_wconf 89' lang='lat' dir='ltr'>mox</span> <span class='ocrx_word' id='word_1_409' title='bbox 741 5578 983 5684; x_wconf 84' lang='lat' dir='ltr'>virginibus</span> <span class='ocrx_word' id='word_1_410' title='bbox 1005 5578 1115 5686; x_wconf 86' lang='lat' dir='ltr'>ipsis</span> 
     </span>
    </p>
   </div>
   <div class='ocr_carea' id='block_1_5' title="bbox 0 0 2167 6180">
    <p class='ocr_par' dir='ltr' id='par_1_5' title="bbox 0 0 2167 6180">
     <span class='ocr_line' id='line_1_46' title="bbox 0 0 2167 6180; baseline 0 0"><span class='ocrx_word' id='word_1_411' title='bbox 0 0 2167 6180; x_wconf 95' lang='lat' dir='ltr'> </span> 
     </span>
    </p>
   </div>
  </div>
 </body>
</html>
