4346 6176
878 483 996 554 Festa
1018 485 1125 555 Julir'.
1148 487 1233 570 (20.)

186 665 334 762 Quam
347 663 485 750 rudes
495 665 601 752 olim
612 667 807 776 papulos
821 669 1026 774 docebas,
1135 674 1282 744 Psalmi
1307 675 1354 744 de
1371 675 1589 766 Dominica,
1614 685 1650 747 ct
1670 679 1759 749 loco
1779 679 1915 766 ultimi,

239 773 421 862 Veritas
437 804 556 864 nunc
574 804 623 864 se
641 779 723 866 tibi
741 792 837 868 tota
854 783 1027 891 pandit:
1082 769 1223 880 isaim.
1240 771 1378 847 Lauda
1395 773 1615 882 Jerusalem
1629 775 1849 850 Dominum
1875 783 1917 844 ut

238 886 435 996 Pariperi
459 890 679 999 quidquid
695 895 770 1002 pia
789 893 946 983 dextra
964 897 1025 982 fu·
1082 865 1459 952 mVesp.Sabbat1,
1986 975 1993 992 ,

503 1002 580 1107 dit,
1133 987 1171 1066 2.
1198 985 1439 1095 Usquequo
1460 987 1718 1077 claudicatis
1737 991 1783 1075 in
1803 989 1915 1078 duas

345 1113 514 1201 Reddit
532 1115 749 1224 olympus,
1079 1095 1262 1236 pertesi·
1295 1099 1342 1185 Si
1358 1100 1575 1187 Dominus
1599 1111 1668 1189 est
1685 1102 1824 1205 Deus,
1849 1127 1914 1189 se·

185 1233 252 1318 Te
271 1236 531 1323 sacerdotes
547 1237 619 1324 vel
638 1230 783 1326 adhuc
802 1243 1026 1345 magistro,
1080 1235 1265 1316 qulmlm
1283 1238 1394 1298 611111·

240 1345 472 1454 Optimum
500 1350 665 1436 Christi
695 1351 892 1438 referunt
918 1353 1025 1438 odo·
1133 1349 1168 1428 3.
1197 1349 1241 1433 Si
1264 1348 1401 1438 homo
1423 1351 1509 1440 Dei
1533 1379 1647 1454 sum,
1672 1349 1915 1440 descendat

500 1489 610 1550 rem:
1078 1459 1192 1565 ignis
1225 1460 1281 1548 de
1314 1464 1447 1569 coelo,
1483 1474 1528 1552 et
1559 1463 1743 1551 devoret
1773 1475 1838 1569 te,
1871 1475 1916 1552 et

127 1632 132 1647 .
238 1573 435 1663 Pullulat
454 1588 600 1685 perte
619 1601 744 1662 sacra
762 1576 922 1663 laetiori
1079 1573 1398 1682 quinquaginta
1424 1587 1539 1665 tuos.

323 1690 491 1829 'Vinea
508 1690 630 1789 foetu,
1133 1715 1171 1792 4.
1208 1713 1307 1800 Non
1333 1741 1418 1822 ego
1445 1716 1622 1806 turbavi
1647 1715 1805 1822 Israel,
1832 1717 1914 1807 sed

182 1807 284 1892 Sed
300 1807 384 1895 trbi
400 1821 614 1918 quantum
638 1810 776 1898 decus
794 1810 1026 1902 elaborant
1076 1837 1141 1929 tu,
1165 1836 1211 1914 et
1229 1826 1387 1914 domus
1403 1831 1544 1939 patris
1563 1827 1641 1932 tui,
1667 1829 1743 1936 qui
1761 1829 1914 1917 dereli-

241 1921 450 2029 Virgines
482 1935 639 2026 castae,
675 1923 901 2031 sociaeque
936 1951 1025 2010 ma·
1079 1939 1215 2046 quisti
1232 1940 1441 2030 mandata
1457 1942 1650 2029 Domini.

238 2145 277 2230 Ρ
316 2153 328 2174 ,
501 2039 612 2125 tres!
1132 2083 1171 2162 5.
1201 2079 1413 2168 Occidisti
1428 2086 1628 2198 insuper,
1651 2092 1697 2170 et
1712 2077 1913 2191 possedi·

276 2171 494 2255 aupemm
536 2151 751 2257 gandent’
805 2149 918 2237 ‘¹¹¹oe
968 2159 1024 2252 ἴθ’
1077 2193 1153 2278 sti:
1188 2194 1305 2280 Ecce
1343 2220 1426 2300 ego
1457 2195 1668 2282 inducam
1698 2219 1834 2304 super
1867 2204 1914 2281 te

343 2375 405 2460 Es
499 2262 656 2404 edim
1077 2304 1252 2409 malum,
1267 2318 1312 2394 et
1325 2307 1546 2395 demetam
1561 2308 1813 2417 posteriora
1826 2315 1914 2393 tua.

407 2401 456 2461 se
473 2388 696 2464 mmrstrae.

185 2487 337 2578 Corde
357 2497 433 2602 qui
450 2522 565 2605 puro
583 2503 772 2583 miseros
789 2493 983 2596 levabas,
1151 2479 1412 2584 Capitulum·
1631 2461 1843 2566 13011148·

236 2605 377 2692 Disce
403 2635 520 2696 nunc
548 2611 664 2743 votis
694 2608 923 2694 haminum
954 2632 1022 2693 ro·
1146 2628 1313 2715 unexit
1358 2627 1479 2713 Elias
1516 2628 1742 2735 Propheta
1786 2627 1913 2736 quasi

500 2729 613 2829 811111
1169 2741 1300 2846 ignis,
1329 2750 1374 2827 ct
1400 2740 1587 2828 verbum
1612 2742 1755 2850 ipsius
1784 2741 1912 2847 quasi

238 2831 306 2919 Te
325 2859 455 2920 suum
474 2836 667 2922 clamant
685 2840 857 2942 impes,
881 2835 1023 2918 amica
1075 2853 1220 2938 facula
1238 2853 1435 2941 ardebat
1474 2854 1561 2957 Qui
1577 2853 1754 2940 aduxit
1771 2853 1815 2936 in
1833 2857 1911 2963 po-

343 2946 505 3050 Turba,
523 2950 775 3034 Patfflmlm·
999 3067 1009 3086 ο
1074 2967 1206 3073 pulos
1237 2968 1418 3070 famem,
1455 2976 1500 3054 et
1529 2967 1754 3054 irritantes
1789 2964 1913 3052 illum

181 3068 391 3154 Summus
409 3073 577 3157 aeterno
596 3071 655 3158 sit
671 3069 816 3155 honos
833 3069 1022 3168 Parenil,
1074 3078 1239 3165 invidia
1267 3105 1348 3166 sua
1369 3081 1500 3189 pauci
1527 3081 1633 3168 facti
1660 3086 1773 3168 sunt.

235 3179 325 3264 Par
345 3181 481 3268 decus
498 3183 618 3270 Nato
639 3187 828 3268 miseros
845 3179 1022 3281 levanti,

234 3292 415 3398 Sancte,
439 3297 499 3382 sit
520 3321 705 3404 compar
726 3295 807 3380 tibi
824 3293 921 3378 laus
940 3317 1022 3400 per
1390 3257 1602 3360 Hymnus·

500 3433 644 3511 omne,
1077 3385 1257 3598 Nunc
1284 3409 1403 3512 juvat
1434 3406 1543 3494 celsi
1573 3411 1817 3515 properare
1852 3404 1910 3491 ad

340 3517 542 3626 Spiritus,
561 3547 716 3606 aevum.
745 3521 899 3604 Amen.
1385 3521 1474 3607 alta

240 3627 291 3732 li·
313 3638 487 3728 Parasti
505 3641 551 3724 in
569 3639 803 3727 dulcedine
820 3649 897 3724 tua
915 3641 1021 3744 pau·
1124 3633 1275 3719 Mente
1291 3633 1482 3718 Carmeli
1496 3634 1606 3738 juga,
1624 3639 1669 3716 ct
1683 3653 1762 3715 ore
1775 3629 1909 3736 pleno

179 3750 281 3856 peri
310 3751 446 3838 Deus.
494 3751 547 3854 li.
578 3753 674 3838 Dfrs
693 3753 817 3839 dabit
836 3747 1020 3835 verbum
1123 3746 1253 3831 Vatis
1270 3745 1382 3830 Eliae
1399 3745 1584 3831 meritos
1601 3742 1767 3829 referre

123 3956 129 3967 ,
181 3863 589 3968 evangelizantibus
607 3866 771 3953 virtute
789 3863 939 3949 multa.
1228 3855 1392 3944 Laudis
1409 3855 1614 3943 honores.

238 3981 311 4066 lid
330 3981 506 4087 Magnis.
539 3985 640 4068 Ant.
678 3986 897 4094 Pauperes
914 3981 1020 4069 Sion
1075 3985 1190 4074 Dum
1220 3987 1358 4074 fame·
1388 3998 1532 4075 terras
1558 3990 1801 4096 premeret,
1831 3984 1908 4068 mi·

181 4094 395 4181 saturabo
413 4098 621 4204 panibus:
641 4098 906 4187 Sacerddtes
928 4097 1020 4202 eius
1385 4104 1526 4187 nistro

181 4207 364 4292 induam
388 4210 586 4316 salutari,
611 4224 656 4300 ct
675 4213 816 4298 sancti
835 4213 928 4315 ejus
947 4233 1018 4293 ex·
1124 4213 1274 4298 Utitur
1291 4238 1446 4299 corvo:
1465 4213 1611 4299 viduae
1629 4211 1817 4296 farinam

124 4340 129 4369 ²
181 4317 420 4406 cultatidne
438 4323 733 4411 exsultabunt
1122 4325 1294 4412 Sufficit
1311 4325 1464 4429 solers,
1485 4323 1677 4431 oleoque
1695 4330 1846 4408 manat

238 4443 383 4514 Oratio.
407 4445 525 4536 Deus,
549 4447 617 4538 qui
641 4447 693 4518 ad
716 4446 892 4519 salutem.
914 4443 982 4516 36*
1225 4435 1398 4546 Hydria
1414 4436 1579 4546 pingui.

448 4599 754 4686 Die20‚Juljj,
1075 4581 1170 4683 Hic,
1187 4584 1287 4670 Deo
1305 4583 1414 4668 fusis
1431 4580 1652 4690 precibus,
1673 4581 1907 4668 reductum

122 4700 129 4991 l
364 4725 409 4810 ⁵·
437 4725 842 4940 affl...
1121 4695 1308 4910 lala
1322 4695 1906 4911 samaria.

413 4959 495 5044 Ad
515 4961 785 5065 Vespera&
1225 4918 1434 5006 Reddere
1451 4918 1606 5004 lucem

121 5018 128 5397 1
529 5081 627 5163 Ant.
647 5083 677 5162 1.
1075 5065 1249 5152 Claudit
1268 5075 1313 5152 et
1330 5064 1482 5165 nubes,
1500 5067 1733 5170 aperitque
1751 5059 1905 5147 verbo:

335 5175 382 5260 lo
404 5177 574 5264 zelatus
600 5204 697 5263 sum
720 5202 804 5285 pro
822 5177 1016 5262 Domino
1120 5179 1332 5284 Imperat,
1361 5189 1468 5284 post
1492 5185 1584 5261 tres
1611 5179 1905 5281 properanter

178 5173 424 5466 'Deo
450 5295 739 5392 exercituum,
765 5290 869 5396 quia
893 5287 1017 5375 dere·
1380 5313 1532 5388 annos,

326 5401 548 5508 liquerunt
578 5413 760 5511 pactum
786 5411 911 5487 tuum
937 5401 1017 5486 fflii
1118 5398 1340 5486 Decidant
1358 5401 1489 5502 coelo,
1515 5399 1756 5506 sitiensque
1773 5394 1904 5480 tellus

247 5514 330 5600 ael.
1191 5601 1197 5610 ,
1224 5511 1411 5600 Hauriat
1428 5511 1604 5600 imbres.

282 5788 680 5866 Propannpolttrfflv'a.
1650 5767 1696 5840 θ’
