4346 6176
839 500 955 572 Festa
978 501 1084 572 Julii.
1109 504 1188 590 (19.)
1797 519 1870 594 31*

333 699 913 768 .····'··'‘'“u·
978 730 1072 774 ,v
1237 749 1249 786 0
1476 746 1484 756 ·
1693 770 1701 785 ,
1855 755 1864 774 ·

155 793 308 962 iffi,
317 797 489 886 peregre.
528 797 575 867 de
614 799 751 868 eodem
782 757 985 870 Commuiii
1081 736 1151 910 ιΑιῗ
1174 737 1639 1024 ζῖῙθῃῷῃῒόηᾞί
1654 739 1866 938 ῃθξὲξιξίιὲξ

421 1056 506 1141 Die
525 1049 585 1140 1'9.
603 1056 716 1142 Julii.
1086 1051 1152 1138 Te
1194 964 1566 1160 compleriaervessiiru
1608 1055 1864 1162 praesidium

209 1181 254 1266 S.
273 1181 531 1269 vincentii
558 1206 590 1270 a
617 1185 775 1271 Paulo
807 1187 928 1272 Conf.
1346 1165 1430 1253 sibi

448 1306 690 1396 Duplex.
1188 1277 1350 1365 Nutrix
1368 1281 1603 1388 pauperies
1621 1295 1761 1389 parat.

374 1453 758 1561 Inlvegperiffi
1039 1427 1094 1510 Ut
1121 1436 1375 1534 promptam
1405 1429 1577 1514 miseris
1608 1429 1723 1517 ferre
1751 1433 1864 1519 scias

1346 1565 1491 1649 opem,

494 1605 592 1688 Ani·
616 1607 646 1688 Ῑ·
1087 1651 1242 1758 Duras,
1257 1653 1358 1739 heu!
1371 1657 1537 1762 pateris
1551 1657 1718 1743 servitii
1731 1659 1864 1744 vices:

150 1715 367 2003 Ιὲξῦἱ
410 1729 455 1804 et
507 1726 727 1828 pauperes
782 1733 985 1830 quaemnt
1085 1765 1175 1853 Sed
1195 1778 1257 1870 te,
1282 1766 1387 1853 dum
1409 1768 1515 1856 iidei
1538 1769 1688 1857 subdit
1711 1769 1864 1857 herum

320 1857 442 1963 quas,
469 1841 513 1916 et
530 1858 627 1975 npn·
639 1845 754 1919 sunt:
778 1836 874 1940 Ego
894 1837 982 1922 De·
1344 1883 1456 1986 jugo,

292 1972 435 2030 mrnus
469 1947 702 2034 exaudlam
734 1973 830 2050 0⁰⁵2
864 1951 984 2035 Deus
1188 1993 1330 2104 Solvit
1352 1996 1568 2106 cempede
1587 1998 1760 2085 veritas.

151 2057 292 2142 Israel
309 2084 399 2144 non
420 2043 721 2168 derelinquam
741 2088 829 2148 eos.

199 2177 349 2248 Psalmi
379 2186 420 2250 ut
453 2179 492 2248 in
523 2176 551 2248 1.
575 2179 761 2269 vesperis
794 2181 841 2252 ne
871 2180 981 2252 Com·
1040 2145 1235 2243 Quantus
1258 2168 1373 2227 nunc
1398 2147 1583 2252 eperum
1604 2144 1702 2231 11100
1720 2145 1864 2255 pates!

100 2292 105 2333 ι
148 2275 256 2344 muni
280 2277 417 2364 Apost.
499 2356 506 2370 .
1345 2257 1433 2342 tuis

201 2380 240 2460 2.
291 2381 520 2470 suscitabo
563 2383 670 2468 mihi
705 2385 983 2473 sacerdotem
1087 2368 1248 2456 Christi
1273 2395 1437 2502 sponsa
1461 2370 1571 2458 nitet
1598 2371 1714 2460 culta
1741 2372 1861 2459 labe·

150 2493 349 2599 fidelem,
387 2496 462 2602 qui
497 2499 616 2600 juxta
648 2522 725 2583 cor
758 2524 904 2586 meum
940 2511 984 2587 et
1320 2483 1480 2615 ebus:

151 2608 345 2694 animam
360 2633 505 2694 meam
523 2611 671 2697 faciet:
690 2621 735 2697 et
752 2612 983 2699 aedificabo
1089 2593 1218 2681 Cler0
1263 2622 1435 2704 PHSCUS
1469 2597 1631 2700 honos,
1675 2605 1863 2707 Vivaque

150 2721 985 2829 eidomumfidelem‚etambu1abit
1345 2708 1563 2816 languidis

150 2860 305 2920 coram
333 2835 509 2925 Christo
535 2864 648 2925 meo,
1190 2821 1399 2928 Exsurgit
1416 2825 1594 2942 pepulis
1613 2825 1735 2911 fides.

204 2961 242 3044 3.
261 2959 391 3044 Dabo
408 2958 536 3046 vobis
554 2967 758 3069 pasteres
773 2966 983 3069 juxtacor
1036 2983 1099 3064 Te
1123 2986 1374 3084 montanus,
1402 2983 1550 3090 inops,
1579 3009 1698 3088 aeger
1726 2995 1769 3069 et
1797 2988 1863 3069 er·

149 3099 316 3176 meum,
344 3082 390 3159 et
412 3085 595 3183 pascent
622 3102 702 3161 vos
730 3077 913 3162 scientia
941 3086 985 3164 et
1344 3094 1528 3204 phanus,
1670 3133 1673 3145 ¹

151 3185 366 3274 doctrina·
1087 3205 1154 3292 Te
1180 3206 1307 3314 plebs
1333 3219 1429 3295 tota
1460 3236 1587 3294 suum
1617 3211 1709 3315 jure
1735 3221 1866 3297 vocat

203 3309 243 3392 4.
270 3307 409 3395 Labra
432 3311 549 3395 enim
569 3310 813 3398 sacerdotis
839 3317 982 3399 custe-
1343 3334 1532 3430 patrem:

99 3408 104 3505 i
150 3423 276 3510 dient
289 3424 526 3525 scientiam,
544 3435 589 3509 et
602 3425 746 3532 legem
759 3432 984 3533 requirent
1088 3434 1267 3520 Cunctis
1281 3434 1411 3521 laetus
1425 3436 1542 3540 ades,
1560 3443 1749 3546 cerpora
1764 3436 1862 3523 sub·

150 3563 207 3622 cx
226 3561 306 3624 ore
324 3539 426 3642 ejus.
1342 3548 1476 3652 levas,

201 3657 240 3738 5.
281 3658 517 3746 inebriabo
555 3662 746 3747 animam
780 3661 982 3747 sacerde·
1189 3659 1361 3748 Mentes
1380 3663 1590 3748 concilias
1608 3664 1718 3748 Deo.

150 3771 551 3973 ffiffifflffi
575 3785 620 3972 ῗῗ
642 3775 835 3908 P⁶P¹¹l¹¹⁵
859 3801 983 3861 meus
1039 3817 1413 3947 Regumoconsiliis
1432 3820 1574 3923 iussus
1588 3817 1696 3904 ades
1715 3820 1863 3923 sacris,

100 3972 105 4007 ι
297 4019 307 4036 0
548 3889 751 3995 P⁶b¹t¹ffi
1087 3927 1248 4014 Mentrs
1282 3940 1403 4016 certa
1438 3940 1527 4016 tuae
1563 3931 1727 4017 lumina
1762 3937 1861 4019 cen-

199 4019 460 4128 Capitulum.
664 4021 794 4106 Eecli.
813 4023 872 4102 18.
886 4020 927 4106 b.
1343 4044 1505 4130 sulum:

152 4145 439 4362 Miseratio
467 4157 655 4244 heminis
689 4162 805 4246 circa
836 4161 982 4268 prexi-
1086 4155 1152 4242 Te
1175 4155 1237 4240 nil
1258 4158 1397 4262 tangit
1420 4158 1579 4264 h0n0s;
1609 4170 1656 4245 at
1679 4164 1863 4246 miseros

276 4296 397 4356 mum
420 4297 562 4356 suum:
585 4274 887 4360 misericordia
912 4299 982 4358 au·
1344 4297 1442 4379 ope,

101 4450 105 4471 .
151 4393 242 4469 tem
253 4384 340 4470 Dei
353 4409 487 4493 super
501 4411 676 4472 omnem
691 4413 878 4473 carnem.
898 4387 982 4489 Qui
1188 4385 1246 4469 Et
1264 4410 1445 4489 regnum
1463 4387 1641 4472 menitir
1659 4387 1792 4491 juvas.

100 4480 105 4527 ¹
151 4497 500 4584 misericerdiam
518 4499 662 4600 habet,
681 4502 814 4585 docet
832 4510 877 4586 et
890 4503 982 4584 eru·
1033 4543 1174 4640 Quem
1189 4539 1369 4626 flectunt
1382 4546 1539 4649 inopes
1564 4541 1754 4626 mama
1767 4541 1861 4626 laus

152 4609 216 4698 dit
235 4611 363 4720 quasi
379 4624 534 4721 pastor
552 4639 731 4720 gregem
750 4639 887 4700 suum.
1344 4653 1474 4754 patri,
1541 4606 1550 4643 ’

459 4751 671 4856 Hymnus.
1084 4765 1233 4870 AEgris
1247 4765 1365 4852 unde
1380 4767 1511 4869 salus,
1529 4767 1719 4851 mexima
1733 4766 1861 4851 Filio:

152 4851 273 5100 Qui
313 4901 484 4984 mame
512 4899 626 4986 solet
651 4901 891 5006 grandibus
922 4906 982 4986 sn.
1085 4876 1258 4964 Blando
1283 4880 1359 4986 qui
1383 4883 1557 5009 recreas
1584 4882 1765 4986 pectora
1786 4879 1861 4962 fle·

203 5123 370 5209 omnes
393 5011 681 5233 οχςῗῑῐὲἓξᾶῃς,
703 5129 919 5214 maximus
937 5132 981 5215 ό.
1187 5104 1272 5190 Par
1290 5017 1569 5206 sitnialaliues’tibi
1584 5104 1783 5210 Spiritus.

378 5283 388 5302 .
462 5239 638 5342 mnium,
1342 5219 1495 5304 Amen.

200 5351 429 5453 Vincenti,
464 5357 642 5440 tenuem
674 5365 719 5440 te
752 5356 875 5442 Deus
911 5361 981 5442 ex·
1083 5339 1135 5446 i.
1163 5355 1316 5440 Justus
1339 5367 1435 5443 tota
1461 5355 1533 5441 die
1559 5355 1790 5440 miseretur
1817 5362 1861 5438 et

460 5467 571 5568 tulit,
1033 5467 1302 5555 cemmodat:
1342 5469 1393 5572 Ru
1423 5469 1480 5553 Et
1516 5492 1665 5554 semen
1697 5469 1789 5572 ejus
1815 5467 1859 5551 in

306 5577 627 5668 Coelictietibus
646 5585 855 5668 inserens.
1033 5578 1337 5667 benedictiene
1364 5581 1457 5666 erit
