4402 6190
294 502 361 576 62*
565 572 571 584 ,
947 511 1062 582 Festa
1085 513 1263 602 Augusti.
1288 515 1364 601 (12.)

281 706 286 714 ’
380 708 486 787 Acta
505 699 645 904 sanclti
660 698 809 807 Euplii
826 697 1045 808 Martyris.
1175 709 1244 786 est
1265 699 1458 788 secunda
1481 700 1673 805 cognitio
1697 725 1779 808 per
1796 700 2006 806 quaestio·

644 825 756 906 ectio
776 825 829 906 iv.
1175 836 1286 899 nem·

308 921 660 1035 ,pstqiocletiano
694 926 868 1030 novies,
907 936 952 1012 et
985 924 1121 1009 Maxi·
1230 937 1282 1042 11.
1306 929 1415 1015 Cum
1441 925 1618 1014 tradent
1640 951 1740 1029 vos,
1767 925 1904 1012 nolite
1932 949 2005 1010 co

307 1030 361 1135 ll]
391 1030 417 1125 l‘2
442 1037 588 1122 miano
603 1037 742 1124 octies
757 1039 1022 1138 consulibus,
1036 1042 1121 1145 pri-
1174 1041 1314 1144 gitare
1342 1037 1585 1148 quomod0,
1614 1048 1690 1126 aut
1719 1037 1824 1148 quid
1850 1036 2007 1145 loqua-

307 1104 415 1201 ‘sss
442 1147 515 1234 die
545 1149 652 1236 Idus
686 1153 894 1256 Augusti,
925 1151 970 1236 in
997 1151 1122 1236 Cata·
1174 1165 1347 1258 m1m3*
1376 1153 1480 1238 Non
1510 1153 1626 1238 enim
1656 1176 1739 1238 vos
1769 1151 1895 1252 estis,
1929 1151 2007 1256 qui

293 1261 493 1346 nensium
516 1263 711 1367 civitate,
737 1291 836 1352 cum
858 1275 976 1351 esset
999 1273 1123 1350 extra
1174 1266 1419 1374 loquimini,
1446 1264 1526 1351 sed
1549 1265 1739 1373 Spiritus
1761 1265 1906 1350 Patris
1932 1289 2006 1349 vc·

293 1374 440 1460 velum
453 1378 677 1464 secretarii
689 1379 875 1487 Euphus
888 1378 1123 1478 Diaconus,
1175 1382 1265 1483 stri,
1284 1382 1359 1488 qui
1375 1381 1571 1486 liquitur
1587 1382 1632 1462 in
1650 1379 1789 1466 vobis.
1830 1371 1881 1474 ll.
1896 1377 2007 1462 Pro·

294 1489 586 1597 proclamavit
630 1491 799 1578 dicens:
849 1493 1122 1578 Christianus
1174 1495 1312 1580 ieram
1346 1493 1475 1581 vobis
1510 1493 1721 1600 Spiritum
1754 1516 1921 1593 meum,
1959 1503 2008 1577 11

295 1625 407 1705 sum,
436 1613 480 1687 et
506 1629 589 1711 pro
618 1603 781 1690 Christi
808 1606 984 1692 nomine
1010 1605 1124 1691 mori
1176 1607 1407 1694 ostendam
1422 1605 1549 1692 vobis
1567 1605 1705 1692 verba
1720 1630 1830 1691 mea.
1855 1604 1969 1690 Non

295 1713 511 1801 desidero.
563 1717 761 1804 Audiens
791 1718 889 1806 haec
916 1718 1121 1804 Calvisia·
1215 1801 1217 1806 ,
1485 1717 1637 1812 Lectio
1657 1757 1695 1812 v.
1857 1743 1872 1770 ·

293 1855 376 1913 nus
399 1830 657 1934 consularis,
683 1831 810 1919 dixit:
834 1832 1121 1938 Ingrediatur,
1265 1831 1501 1919 iocletiano
1522 1830 1694 1932 novies,
1716 1840 1760 1916 et
1777 1829 2005 1916 Maximia-

295 1942 371 2046 qui
405 1941 621 2030 clamavit.
676 1944 867 2032 Etcum
902 1947 1122 2051 ingressus
1290 1971 1348 2031 no
1381 1939 1520 2032 octies
1551 1943 1825 2046 consulibus,
1860 1943 2005 2052 pridie

294 2056 447 2142 fuisset
459 2057 643 2165 Euplius
656 2058 940 2156 secretarium
954 2059 1121 2166 judicis,
1174 2058 1282 2145 Idus
1299 2060 1541 2164 Augustas,
1559 2056 1832 2143 Calvisianus
1850 2083 2005 2143 consu·

293 2170 532 2275 Evangelia
550 2183 746 2279 portans,
765 2201 877 2259 unus
897 2200 951 2260 ex
970 2176 1121 2260 amicis
1173 2173 1278 2258 laris
1301 2173 1412 2259 dixit
1436 2172 1492 2259 ad
1509 2171 1717 2279 Euplium
1740 2170 1937 2279 positum
1957 2172 2006 2256 in

295 2282 541 2385 Calvisiani,
558 2285 737 2372 mimine
751 2284 977 2388 Maximus,
998 2287 1122 2373 dixit:
1173 2287 1420 2373 tormentis:
1447 2288 1558 2390 Quae
1583 2311 1665 2393 per
1689 2294 1811 2373 tuam
1837 2285 2004 2372 coniec-

293 2396 395 2481 Non
424 2396 553 2484 decet
578 2399 689 2484 tales
721 2398 897 2485 chartas
929 2425 1029 2486 eum
1058 2412 1121 2488 te·
1174 2401 1345 2486 sionem
1379 2399 1513 2486 hodie
1544 2397 1712 2497 dixisti,
1751 2398 1859 2504 quid
1893 2397 2006 2484 dicis

294 2513 397 2595 nore
431 2520 585 2596 contra
624 2511 817 2616 regalem
858 2517 1121 2622 praeceptio·
1174 2513 1308 2600 modo
1328 2512 1384 2599 de
1402 2510 1487 2598 1111
1516 2511 1701 2620 Euplius
1716 2511 1856 2597 libera
1871 2534 2005 2598 manu

293 2648 405 2709 nem.
450 2622 722 2710 Calvisianus
745 2627 988 2712 consularis
1011 2627 1123 2716 dixit
1175 2627 1352 2732 signans
1388 2627 1471 2715 sibi
1506 2627 1696 2713 frontem
1731 2624 1858 2713 dixit:
1893 2628 2004 2730 Quae

294 2734 351 2821 ad
378 2737 601 2845 Eriplium:
628 2739 739 2825 Haec
764 2739 881 2826 unde
908 2741 1048 2826 sunti·
1065 2743 1121 2828 de
1173 2750 1278 2826 tunc
1296 2738 1399 2841 dixi,
1418 2751 1463 2827 et
1481 2767 1596 2826 nunc
1614 2764 1668 2825 ea
1686 2741 1913 2842 confiteor,
1933 2765 2005 2824 me

295 2848 428 2936 domo
460 2860 537 2936 tua
567 2849 789 2938 exierunt?
840 2853 1025 2961 Euplius
1056 2857 1120 2940 r'e·
1174 2878 1272 2940 esse
1298 2854 1608 2958 Christianum,
1632 2865 1677 2941 et
1699 2854 1871 2941 divinas
1892 2853 2005 2940 Scri·

294 2963 489 3070 spondit:
509 2963 611 3050 Non
630 2963 773 3051 habeo
793 2965 982 3052 domum.
1021 2967 1123 3055 Hoc
1173 2973 1327 3075 ptaras
1358 2967 1515 3071 legere.
1571 2967 1843 3054 Calvisianus
1875 2964 2004 3052 dixit:

294 3087 339 3163 et
364 3077 581 3162 Dominus
611 3103 737 3165 meus
766 3080 792 3162 J
794 3104 894 3164 esus
923 3079 1122 3167 Christus
1174 3083 1318 3186 Quare
1354 3079 1473 3189 apud
1507 3090 1553 3167 te
1586 3079 1799 3184 habuisti,
1841 3091 1887 3166 et
1914 3104 2004 3165 non

293 3190 428 3278 novit.
481 3191 754 3279 Calvisianus
782 3193 1028 3290 consularis
1060 3195 1122 3282 di·
1171 3192 1396 3280 tradidisti
1420 3193 1501 3280 has
1528 3195 1757 3294 lectiones,
1790 3217 1900 3299 quas
1925 3193 2003 3278 im·

294 3305 374 3391 xit:
387 3305 458 3389 Tu
471 3329 524 3392 ea
537 3305 623 3390 huc
638 3305 907 3414 deportasti?
935 3308 1121 3417 Eripiius
1173 3313 1402 3416 peratores
1438 3307 1695 3394 vetuerunt?
1753 3306 2004 3415 Respondit
2172 3300 2181 3320 '

294 3416 422 3504 dixit:
451 3418 538 3504 Per
563 3445 651 3521 me,
684 3445 736 3505 ca
765 3420 851 3505 huc
877 3420 1121 3530 deportavi,
1173 3421 1374 3530 Euplius=
1397 3419 1510 3525 Quia
1529 3420 1803 3508 Christianus
1822 3445 1936 3524 sum,
1959 3431 2006 3508 et

293 3533 422 3616 sicuti
441 3541 486 3618 et
500 3533 597 3641 ipse
610 3533 746 3620 vides.
771 3535 1038 3622 Invenerunt
1050 3563 1122 3622 me
1173 3535 1348 3622 tradere
1371 3559 1461 3620 nou
1482 3533 1660 3638 licobat,
1683 3538 1913 3641 magisque
1931 3536 2003 3619 ex·

293 3669 393 3731 cum
413 3644 510 3730 illis.
554 3646 827 3733 Calvisianus
851 3647 978 3736 dixit:
1002 3649 1121 3756 Lege
1172 3645 1299 3756 pedit
1324 3648 1438 3733 mori
1466 3673 1598 3755 quam
1624 3645 1811 3734 tradere.
1856 3648 1908 3730 In
1934 3646 2005 3732 his

294 3783 356 3843 ea.
401 3758 586 3867 Eripiius
606 3761 823 3868 aperiens,
845 3760 969 3863 legit:
993 3762 1122 3849 Beati
1173 3760 1263 3847 vita
1288 3764 1455 3846 aetorna
1478 3771 1562 3866 est:
1591 3761 1666 3868 qui
1688 3758 1840 3863 tradit,
1867 3761 2005 3848 vitam

294 3871 368 3978 qui
395 3874 749 3979 persecutionem
770 3875 997 3982 pationttu
1020 3901 1120 3983 pro·
1174 3878 1384 3960 aetomam
1401 3875 1559 3982 perdit.
1602 3875 1662 3961 Ut
1680 3899 1778 3960 eam
1796 3900 1886 3959 non
1904 3900 2003 3983 per·

292 3994 393 4093 pter
419 3987 645 4091 justitiam;
682 3988 889 4093 quoniam
923 3989 1122 4096 ipsorum
1174 3987 1286 4092 dam,
1304 3989 1440 4073 vitam
1457 4014 1602 4074 meam
1620 3987 1691 4074 do.
1728 3988 2002 4075 Calvisianus

294 4106 362 4183 est
380 4124 562 4203 regnum
581 4099 804 4186 coelorum.
831 4101 888 4187 Et
903 4101 990 4187 alio
1004 4102 1121 4190 loco:
1171 4101 1470 4204 interlocutus,
1489 4101 1615 4187 dixit:
1635 4102 1830 4210 lioplius,
1850 4103 1926 4211 qui
1938 4126 2002 4187 se·

292 4212 378 4315 Qui
393 4212 487 4298 vult
500 4217 649 4298 venire
663 4224 767 4321 post
780 4240 862 4318 me,
879 4215 1009 4302 tollat
1027 4242 1120 4302 cru·
1173 4218 1364 4301 cundum
1400 4213 1594 4301 edictum
1630 4216 1880 4324 principum
1914 4241 2003 4302 non

293 4349 391 4410 cem
418 4351 557 4428 suam,
585 4337 629 4412 et
651 4332 862 4436 sequatur
886 4354 968 4414 me.
1012 4329 1122 4416 Cum
1172 4327 1357 4415 tradidit
1382 4329 1653 4437 Scripturas,
1685 4327 1765 4414 sed
1792 4327 1901 4434 legit
1925 4333 2001 4438 po

291 4437 389 4524 haec
425 4449 469 4524 et
505 4439 591 4524 alia
624 4441 810 4544 legeret,
847 4441 1121 4528 Calvisianus
1172 4441 1290 4549 pulo,
1307 4447 1578 4547 torqueatur.
1610 4443 1808 4546 Cumque
1826 4452 1999 4550 torque-

292 4552 534 4637 consularis
576 4552 704 4639 dixit:
747 4553 847 4639 Hoc
885 4553 991 4661 quid
1026 4556 1121 4642 vult
1173 4558 1310 4653 retur,
1343 4552 1456 4641 dixit
1481 4554 1683 4663 Euplius:
1708 4554 1886 4641 Gratias
1912 4555 2000 4658 tibi,

292 4663 414 4754 esse?
457 4663 642 4773 Eriplius
671 4666 796 4752 dixit:
822 4668 916 4753 Lex
942 4669 1121 4755 Domini
1174 4665 1356 4754 Christe.
1382 4667 1454 4754 Me
1469 4669 1644 4754 custodi
1663 4670 1738 4776 qui
1754 4677 1941 4777 propter
1956 4679 2000 4754 te

291 4779 392 4892 mei,
417 4805 517 4887 quae
540 4778 647 4863 mihi
672 4778 835 4867 tradita
859 4790 938 4868 est.
983 4782 1121 4867 Calvi·
1171 4780 1268 4866 haec
1283 4782 1441 4889 patior.
1467 4781 1591 4867 Dixit
1610 4781 1883 4868 Calvisianus
1901 4807 2000 4870 con·

292 4893 440 4978 sianus
477 4892 721 4981 consularis
757 4893 886 4981 dixit:
926 4897 967 4980 A
1005 4893 1121 5004 quo?
1173 4893 1345 4981 sularis:
1367 4893 1562 5000 Desiste,
1587 4896 1733 5004 Eupli,
1757 4895 1814 4982 ab
1832 4895 2000 4983 insania

291 5005 476 5114 Eoplius
494 5005 738 5115 respondit:
759 5009 802 5091 A
819 5008 845 5092 J
846 5032 924 5094 esu
944 5007 1119 5095 Christo
1170 5007 1266 5094 hac.
1317 5008 1441 5095 Deos
1468 5008 1624 5110 adora,
1656 5019 1702 5095 et
1731 5008 1999 5097 liberaberis.

291 5120 404 5206 Filio
422 5119 508 5206 Dei
525 5120 624 5206 vivi.
665 5119 939 5206 Calvisianus
967 5147 1120 5208 consu·
1171 5121 1357 5229 Euplius
1402 5121 1530 5209 dixit:
1577 5120 1732 5210 Adoro
1769 5121 1999 5225 Christum,

290 5233 395 5318 laris
421 5233 724 5337 interlocutus,
753 5232 878 5321 dixit:
904 5234 1121 5337 Quoniam
1172 5233 1370 5322 detestor
1394 5235 1623 5323 daemonia.
1667 5237 1757 5322 Fac
1779 5235 1999 5344 quodvis:

289 5347 479 5433 innotuit
502 5349 592 5453 ejus
617 5348 855 5450 confessio,
882 5348 1119 5454 interroge-
1173 5347 1443 5454 Christianus
1468 5373 1576 5434 sum.
1616 5349 1727 5434 Haec
1744 5347 1821 5434 diu
1839 5347 1997 5458 optavi.

290 5471 361 5548 tur
384 5459 465 5547 sub
489 5462 737 5563 tormentis,
760 5461 960 5548 tradatru
983 5465 1119 5547 torto·
1171 5462 1260 5547 Fac
1281 5461 1401 5571 quod
1419 5463 1499 5547 vis.
1528 5460 1662 5548 Adde
1681 5461 1775 5566 alia,
1795 5460 1995 5548 Christia-

293 5573 426 5660 ribus.
443 5575 500 5661 Et
514 5600 614 5660 cum
627 5573 817 5661 traditus
831 5585 958 5682 esset,
973 5585 1121 5684 coepta
1171 5602 1254 5661 nus
1272 5602 1380 5662 sum.
1418 5576 1661 5684 Postquam
1679 5575 1755 5664 diu
1770 5587 1916 5663 tortus
1935 5601 1993 5660 es-
