4378 6202
513 515 628 584 Festa
651 515 853 584 Februarii
877 515 940 593 (27.
965 515 1028 584 vel
1051 515 1106 585 28.
1130 515 1185 584 28.
1209 515 1273 584 vel
1296 513 1363 599 29.)
1387 521 1424 584 ct
1446 513 1583 582 Martii.
1607 511 1661 591 (1.)
1786 531 1788 536 ·
1889 515 1936 592 9*

226 711 464 820 quotannis
486 711 789 818 repertus'est
828 706 1057 793 Accessit·
1108 706 1167 791 tis
1180 706 1430 811 instrucms,
1448 707 1474 792 J
1475 732 1599 793 esum
1611 718 1680 794 ter
1693 710 1815 812 clara
1824 737 1936 799 voce

69 883 74 890 ·
225 851 284 913 ne
309 823 523 934 potentie
557 821 598 908 ei
623 821 741 906 facta
771 845 827 906 ex
852 818 1057 924 Proregis
1109 820 1354 929 appellans,
1384 821 1573 906 enimam
1596 825 1853 911 suavissime
1878 824 1936 912 el·

225 946 418 1041 munere,
438 934 561 1043 quod
578 933 857 1021 subeundum
873 935 959 1043 ipsi
976 933 1059 1019 fuit
1110 934 1244 1019 flevit.
1276 935 1436 1038 Magna
1453 935 1535 1022 fuit
1552 935 1596 1022 in
1616 937 1937 1026 existimatiene

225 1053 271 1137 in
284 1052 504 1138 Valentiae
518 1074 666 1154 regno,
685 1045 891 1157 Philippo
906 1047 1058 1133 Tertio
1109 1047 1229 1155 apud
1246 1049 1475 1156 Principes
1492 1050 1623 1152 viros,
1640 1050 1798 1156 Reges,
1814 1051 1936 1139 Anti·

225 1169 426 1272 cogente,
445 1189 499 1250 ea
517 1172 586 1249 est
601 1187 707 1247 usus
724 1160 782 1249 ad
794 1162 901 1248 vida
916 1160 1058 1265 magis
1109 1161 1257 1265 stites‚
1297 1162 1511 1270 ipsesque
1551 1161 1664 1250 ideo
1699 1163 1937 1252 Pontifices

227 1275 519 1380 excindenda,
544 1275 902 1381 Christianesque
924 1273 1058 1360 virtu·
1109 1273 1337 1378 Meximos,
1356 1286 1556 1362 sanctum
1572 1277 1701 1362 Pium
1716 1277 1936 1382 Quintum,

225 1404 295 1480 tes
324 1392 459 1478 letius
486 1415 567 1476 suo
593 1390 640 1474 in
665 1387 835 1498 pepulo
863 1385 1058 1475 dissemi-
1111 1388 1381 1476 Clementem
1409 1389 1643 1492 Octevum,
1674 1415 1727 1476 ac
1752 1391 1937 1478 Paulum

225 1507 409 1594 nendas.
447 1507 551 1613 Ejus
579 1503 781 1604 consilio,
809 1489 1058 1615 diligentiae,
1109 1503 1330 1606 Quintum,
1344 1507 1602 1610 summeque
1614 1503 1938 1593 necessitudine

226 1623 523 1725 diuturneque
549 1617 709 1717 laberi,
736 1625 782 1702 et
808 1619 958 1723 epcrae
984 1616 1057 1702 tri·
1110 1618 1368 1724 conjunctus
1394 1625 1495 1702 cu'm
1520 1618 1722 1704 omnibus
1746 1619 1838 1706 iere
1863 1621 1938 1725 qui

226 1733 452 1824 buendum
479 1742 563 1835 est,
592 1729 713 1838 quod
738 1728 1059 1816 Mauriscerum
1110 1755 1162 1817 ea
1179 1733 1311 1816 aetite
1325 1731 1612 1817 sanctimonia
1629 1731 1939 1835 excelluerunt,

225 1848 367 1960 pestis
409 1871 467 1931 ex
500 1843 717 1932 Valentiae
753 1869 891 1948 regno
927 1843 1058 1930 fuerit
1109 1843 1338 1949 inquibus
1364 1853 1542 1931 sanctus
1568 1845 1754 1931 Cerolus
1777 1845 1937 1932 Borro·

227 1961 426 2071 depulsa,
454 1969 588 2064 atque
614 1957 839 2045 exhausta
1108 1960 1247 2042 maeus
1273 1983 1404 2064 quam
1433 1983 1535 2044 eum
1565 1958 1749 2045 haberet
1777 1984 1938 2062 carum,

277 2073 328 2180 ll.
355 2075 491 2160 Pesui
508 2072 786 2181 adjuterium.
1108 2070 1364 2157 testimenio
1387 2081 1489 2158 sunt
1506 2096 1572 2159 eae
1592 2072 1804 2180 epistolae,
1828 2095 1938 2178 quas

526 2181 678 2266 Lectio
698 2185 750 2264 vi.
1110 2185 1168 2271 ad
1194 2185 1317 2271 illum
1344 2185 1478 2274 dedic
1521 2185 1767 2295 sepulchro
1790 2185 1938 2274 illitus

302 2331 377 2390 um
393 2299 630 2390 virtutibus
647 2301 745 2410 ipse
759 2299 963 2388 emnibus
980 2302 1056 2388 ilo·
1110 2308 1178 2386 est
1204 2300 1248 2383 in
1274 2300 1474 2388 Ecclesia
1500 2301 1598 2408 ipsa
1625 2299 1810 2404 Collegii
1836 2325 1863 2385 a
1889 2325 1938 2388 se

328 2422 462 2519 reret,
485 2426 579 2502 tum
600 2419 841 2524 praecipua,
868 2439 920 2500 ac
941 2414 1056 2500 miri·
1109 2413 1292 2517 conditi,
1316 2415 1497 2521 eiusque
1521 2415 1837 2525 praestentibus
1855 2416 1938 2502 vir·

225 2532 312 2618 lica
334 2553 518 2638 prorsus
535 2530 628 2635 ejus
646 2527 813 2612 exstitit
832 2552 936 2632 erga
951 2528 1055 2613 San·
1108 2527 1287 2632 tutibus,
1311 2530 1635 2636 miraculisque,
1658 2554 1713 2614 eo
1732 2527 1938 2637 depreca-

225 2645 470 2730 ctissimum
491 2640 782 2727 Eucharistiae
805 2640 1056 2726 Sacramen·
1107 2645 1217 2744 tere,
1236 2642 1375 2743 factis,
1396 2641 1585 2749 denique
1602 2642 1815 2749 probetis,
1833 2642 1938 2728 Pius

224 2767 320 2844 tum
354 2762 518 2866 pietas,
555 2777 644 2867 quo
675 2778 826 2840 coram
860 2753 1055 2861 comphi-
1107 2757 1268 2842 Sextus
1317 2754 1522 2842 Pentiiex
1568 2755 1785 2840 Maximus
1838 2779 1939 2842 eum

225 2895 298 2956 res
331 2867 530 2977 quotidie
560 2866 693 2954 horas
719 2866 1056 2955 venerabimdus
1107 2869 1295 2955 Beatum
1320 2869 1404 2955 rite
1434 2867 1734 2978 pronuntiavit
1765 2867 1937 2954 decimo

226 2983 497 3090 transigebat
525 2983 571 3068 in
605 2990 728 3068 tanta
764 2980 1057 3086 occupatiene
1109 2993 1266 3089 quarto
1307 2981 1531 3070 Kalendas
1576 2981 1784 3069 Octobris
1836 2983 1939 3068 anni

225 3099 348 3184 vitae:
382 3122 466 3183 nec
496 3095 634 3182 ullum
662 3094 897 3180 intermisit
928 3091 1057 3199 diem,
1107 3096 1326 3181 millesimi
1350 3096 1725 3206 septingentesimi
1748 3101 1937 3202 nonage-

226 3211 332 3318 quin
365 3209 638 3296 Sacrificium
671 3211 923 3340 peregeret3
968 3231 1056 3314 quo
1109 3209 1207 3294 simi
1226 3211 1351 3296 sexti.
1400 3209 1574 3328 lhlste
1595 3209 1769 3315 estqui.

224 3328 427 3433 tempore
444 3322 534 3408 Vim
551 3322 830 3408 lacrimarum
847 3320 1059 3426 smgulffi
1159 3355 1204 3424 ln
1228 3353 1292 3424 Ill.
1312 3353 1512 3423 Nocturno
1537 3351 1708 3422 llomilia
1733 3353 1772 3422 in
1789 3353 1932 3439 Evang.

224 3438 431 3524 incensus
435 3437 628 3635 garitete
641 3433 952 3634 proiuffidgbat.
978 3436 1057 3520 At·
1108 3451 1235 3521 Homo
1257 3449 1428 3540 peregre.
1453 3451 1499 3518 de
1525 3449 1737 3520 Communi.

226 3575 312 3658 que
334 3560 433 3636 uta
482 3548 776 3657 Mysterium'
811 3575 842 3633 u
895 3547 1057 3634 ameris
1107 3553 1936 3625 ··“·-“-““··“·-.“.““·“

226 3663 362 3750 divini
396 3664 523 3772 justis
552 3659 757 3751 Infidibus
787 3663 1056 3769 prosequen·
1225 3603 1820 3693 D1027.re128.Februam.

224 3776 332 3864 dum
357 3778 649 3866 exsuscitaret
672 3775 891 3879 hemines,
915 3774 1055 3860 indul·
1463 3838 1565 3923 ‚ani
1596 3836 1722 3940 ,pisa
1744 3834 1865 3916 Confi
1890 3845 1934 3916 et

224 3892 471 3998 gentiemm
502 3891 543 3977 ei
568 3891 633 3977 rei
660 3891 892 3997 praemium
917 3888 1061 3997 quod-k
1108 3841 1153 3928 s·
1172 3838 1310 3928 Pari
1327 3839 1631 4032 Daffiemris·

1242 3728 1348 3807 (Dies
1374 3729 1489 3815 assig.
1514 3749 1561 3798 ex
1586 3730 1637 3797 23.
1663 3729 1801 3815 hujus.)

225 4005 329 4091 dam
355 4030 383 4090 a
406 4003 621 4093 Pontifice
643 4004 839 4090 Meximo
864 4004 1056 4112 propeni

224 4119 489 4226 impetrevit.
530 4119 582 4202 In
605 4118 897 4205 clarissimum
915 4115 1055 4203 Colle·

224 4230 363 4337 gium,
395 4229 518 4338 quod
545 4231 758 4341 Cerporis
787 4230 951 4317 Christi
979 4234 1055 4317 ve·
1270 4324 1280 4342 .
1785 4321 1809 4341 ..

224 4345 306 4432 luit
314 4345 542 4448 nomineri,
556 4343 913 4432 constituendum
922 4345 1056 4450 inque
1224 4324 1309 4410 Dle
1328 4325 1395 4408 28·
1409 4321 1477 4404 vel
1497 4323 1565 4408 29·
1584 4324 1621 4407 F
1623 4322 1823 4409 ebfflflffl·

225 4461 317 4566 eius
339 4457 478 4560 aedes,
501 4469 545 4546 et
562 4459 807 4546 Ecclesiam
824 4459 1056 4564 magnifice
1138 4455 1192 4538 B.
1218 4454 1397 4540 hierita
1423 4453 1481 4537 V.
1510 4451 1572 4537 de
1600 4449 1905 4576 duedelupe.

225 4571 554 4676 aedificandum,
586 4571 912 4676 haereditatem,
945 4597 1057 4680 quae,
1367 4564 1521 4652 Duplex
1538 4585 1671 4649 marus.

224 4697 354 4796 patre
376 4690 570 4792 mortuo,
595 4686 680 4773 gibi
704 4686 902 4788 obvenit,
926 4684 1056 4772 valde
1157 4676 1301 4786 Omnia·
1323 4687 1363 4748 ut
1391 4679 1431 4786 in
1462 4677 1626 4786 Propria
1657 4679 1858 4766 llispaniae
1894 4681 1932 4750 in

226 4805 421 4908 opimam
447 4799 646 4886 cdniulst.
691 4799 860 4903 QuibuB
884 4800 929 4883 in
952 4800 1056 4886 aedi·
1103 4773 1177 4842 fine
1203 4785 1325 4861 partis
1350 4775 1548 4844 Hrcmahs

227 4913 310 5000 bus
324 4911 478 5000 sedem
493 4914 579 5000 sibi
592 4916 691 5023 ipse
705 4912 878 5018 delegit,
896 4913 1057 5020 ibique,
1365 4933 1450 5018 Die
1468 4936 1499 5016 1.
1517 4931 1675 5018 Martii,

225 5026 772 5136 Elli⁸0⁰pi¹t1¹⁵lilbdffl)us
798 5025 1057 5134 quadram·
1108 5062 1179 5148 Ss.
1202 5061 1403 5164 Leonis,
1426 5060 1629 5162 Donati,
1653 5057 1935 5162 Nicephori,

224 5151 459 5273 mmm
486 5167 626 5227 ³⁰³⁰⁸
651 5140 890 5274 f⁰sfi⁸⁵in3e
915 5142 1057 5248 peili·
1147 5174 1462 5261 Abundantii
1486 5185 1529 5257 et
1558 5175 1742 5256 aliorum
1771 5173 1894 5257 Mart.

224 5265 299 5357 trs,
324 5253 505 5342 tandem
530 5253 782 5358 defuncnrs,
811 5254 899 5358 die,
926 5281 1057 5361 quem
1341 5289 1694 5372 Ursaonensium·

225 5367 505 5476 padi-xerat,
526 5367 671 5476 pridie
692 5369 846 5454 Nonas
861 5368 1057 5455 Januarii
1367 5403 1522 5492 Duplex
1538 5404 1671 5485 majus·

225 5483 329 5566 anni
349 5481 568 5568 millesimi
591 5483 899 5570 sexcentesimi
921 5481 1056 5570 unde·
1161 5501 1296 5570 Omnia
1316 5501 1362 5570 dc
1381 5501 1525 5570 Comm.
1549 5501 1645 5588 plur.
1663 5501 1770 5568 llart.
1792 5500 1818 5568 1.
1833 5500 1932 5573 loco.

224 5594 338 5700 cimi,
356 5595 558 5684 Omnibus
576 5595 789 5684 Ecclesiae
803 5596 1056 5684 Sacramen·
1106 5609 1247 5686 praeter
1272 5595 1372 5668 Orat.
1398 5619 1504 5686 sequ.

1332 4069 1497 4157 Duplex.
1524 4067 1585 4154 (m.
1608 4073 1633 4140 t
1656 4071 1707 4156 v.)

1150 4181 1287 4250 Omnia
1311 4193 1351 4250 ut
1375 4182 1412 4250 in
1436 4181 1637 4250 Breviario
1664 4181 1725 4252 die
1750 4183 1801 4250 215.
1825 4183 1932 4252 Febr.
