1271 1725
183 215 217 233 46*

242 262 337 284 Humilia
351 262 422 284 sancti
435 262 543 284 Berniudi

340 290 441 316 Abbdtis.

193 331 202 341 π
234 332 246 353 g
259 324 356 350 ccipiunt
365 324 387 345 in
396 323 550 351 promissione,
562 323 599 350 qui

244 369 249 379 x
267 351 324 373 bene
332 354 436 379 praesunt,
444 351 557 373 constituti
565 357 599 372 su—

249 380 254 387 ’“
267 386 308 406 per
315 380 389 401 omnia
395 379 455 402 bona
462 379 551 401 Domini
557 380 600 400 sui:

183 410 206 429 at
214 408 279 435 pauci
288 408 395 435 profecto,
405 408 443 434 qui
450 407 538 432 utiliter,
547 414 600 434 pau-

183 436 264 461 ciores,
282 436 320 463 qui
337 438 360 458 et
375 435 486 457 humiliter
502 435 600 462 praesint.

182 464 257 486 Facile
268 466 343 486 tamen
355 465 474 491 utrumque
487 463 600 491 adimplet,

183 492 221 519 qui
229 494 323 514 matrem
330 492 436 514 virtutum
444 492 600 513 discretionem

182 521 280 547 perfecte
290 520 389 548 adeptus,
398 520 450 542 vino
459 520 600 541 nihilhminus

183 549 291 574 caritfitis,
312 555 384 575 usque
402 548 430 570 ad
447 549 600 575 contempt-um

182 577 379 604 propriaegksriae,
393 582 464 603 usque
478 576 507 597 ad
520 576 554 597 sui
568 576 599 603 ip-

183 606 228 626 sius
242 604 386 630 oblivionem,
402 607 425 626 et
440 610 485 626 nou
498 604 527 625 ad
542 610 600 631 quae-

182 632 260 659 reuda⁷
277 639 328 660 quae
342 639 383 654 sua
397 635 457 658 sunt,
472 632 599 658 inebriatur,

160 665 161 668 ¹
183 660 244 688 quod
256 661 305 682 solo
318 667 344 682 ac
355 661 412 682 miro
421 660 516 688 Spiritus
529 661 599 682 sancti

183 689 308 715 magisterio
318 688 436 710 obtinetur.

209 721 234 746 R.
249 719 339 741 Amavit
348 725 404 741 eum.

326 757 403 778 Lectio
413 757 455 777 viii.

184 784 281 837 Virtus
302 788 376 808 autem
394 786 534 807 discretiOnis
550 786 599 808 abs-

242 820 285 841 que
296 814 394 835 caritatis
405 814 492 836 fervore
500 814 565 840 jacet,
577 817 600 836 et

183 843 256 864 fervor
274 842 394 864 vehemens
414 842 500 869 absque
519 842 599 864 discre-

182 871 249 892 tionis
269 871 445 897 temperamento
468 871 599 898 praecipitat.

182 898 282 925 Ideoque
301 898 418 920 laudabilis
441 899 476 920 cui
497 901 599 920 neutrum
627 900 630 901 ⁷

183 927 256 952 deest,
272 928 380 954 quatenus
396 929 419 949 et
431 927 505 948 fervor
518 926 599 949 discre-

182 955 266 977 tiduem
279 955 358 981 erigat,
372 957 395 976 et
408 954 514 976 discretio
527 955 599 977 fervo-

182 989 230 1005 rem
247 986 316 1009 regat.
340 983 400 1009 Ergo
418 983 493 1005 taliter
509 984 599 1010 oportet

182 1017 231 1033 esse
249 1012 360 1033 moratum
376 1017 437 1037 eum,
455 1012 493 1038 qui
510 1014 599 1039 praeest.

182 1039 296 1066 Optimum
305 1041 380 1061 autem
391 1039 413 1060 in
426 1039 525 1061 mdribus
538 1039 598 1062 dixe-

182 1068 231 1093 rim,
245 1070 267 1089 et
279 1074 388 1089 summam
399 1067 524 1095 disciplinae
534 1067 599 1094 huius

181 1096 280 1123 perfecte
303 1095 487 1123 apprehendisse,
513 1096 551 1123 qui
576 1096 598 1117 in

182 1123 242 1145 nullo
258 1130 351 1151 prorsus
367 1126 405 1145 aut
419 1124 507 1145 resistat
520 1124 598 1151 pridri-

181 1152 223 1174 bus
234 1155 272 1174 aut
283 1151 381 1173 invideat
389 1152 489 1179 paribus
501 1154 539 1173 aut
548 1152 598 1173 sub—

181 1180 243 1207 jectis
255 1180 291 1202 vel
301 1179 360 1201 desit
372 1180 394 1201 in
406 1186 467 1206 cura,
480 1180 517 1202 vel
528 1180 551 1201 in
563 1187 598 1201 su-

181 1208 259 1235 perbia
271 1208 357 1235 praesit,
372 1208 472 1235 praelatis
486 1208 598 1235 obediens,

181 1237 247 1258 sdciis
260 1237 393 1263 congruens,
407 1236 502 1258 subditis
516 1236 598 1258 utiliter

181 1264 367 1287 condescendens.

207 1296 233 1322 R.
246 1295 294 1317 Sint
302 1295 377 1317 lumbi.

332 1330 409 1351 Lectio
419 1331 445 1351 ix.
573 1338 576 1340 *

221 1361 303 1382 (meant
312 1360 392 1385 clerici,
401 1361 494 1382 timeant
502 1360 597 1381 ministri

232 1388 341 1414 ecclesiae,
354 1388 392 1415 qui
403 1388 426 1409 in
435 1388 501 1410 terris
510 1389 596 1410 sancto-

179 1423 237 1442 rum,
253 1423 308 1443 quas
321 1416 447 1444 possident,
461 1418 508 1437 tam
521 1416 597 1443 iniqua

178 1447 263 1471 gerunt,
273 1447 295 1467 et
304 1444 425 1472 stipendiis,
435 1451 485 1472 quae
494 1444 596 1466 sufficere

180 1472 268 1498 debent,
274 1473 363 1494 minime
369 1472 472 1498 contenti,
479 1472 597 1500 superflua,

471 214 573 232 Dominica
585 214 607 231 ΙΙ4
620 216 666 236 post
678 214 758 231 Pascha.

626 262 707 289 quibus
727 262 791 288 egeni
809 262 947 284 sustentandi
964 262 1042 287 forent,

625 291 693 317 impie
712 290 864 317 sacrilegeque
882 290 925 312 sibi
941 290 1041 316 retinent,

625 319 680 340 etin
689 325 743 340 usus
754 324 801 340 suae
812 318 924 345 superbiae
936 321 1004 345 atque
1013 318 1041 339 lu-

625 347 696 368 xuriae
714 346 797 368 victum
818 348 943 373 pauperum
965 348 1041 367 consu-

626 381 687 396 mere
698 381 743 396 non
751 375 863 396 verentur:
875 374 959 401 duplici
971 374 1041 401 profe·

626 405 663 424 cto
676 403 706 424 ini
723 403 792 424 nitate
804 404 932 429 peccantes,
946 402 1009 429 quod
1022 405 1042 424 et

626 431 697 452 aliena
728 431 769 458 'rip
770 431 826 456 iunt,
842 433 864 452 et
877 430 947 452 sacris
960 431 983 451 in
997 431 1042 452 suis

626 437 769 485 vanitatibus?
781 461 804 481 et
817 458 992 486 turpitudinibus
1006 458 1041 480 ab·

626 488 722 509 utuntur.

653 517 683 538 ‘Te
693 517 766 539 Deum
774 517 897 539 laudamus.

670 571 787 593 Dominica
800 571 828 592 11.
841 574 894 598 post
907 572 998 593 Pascha.

643 608 665 629 Β.
679 608 808 629 Francisci
821 608 853 629 de
866 608 947 629 Paula
962 606 1022 627 Conf.

694 639 772 661 Duplex
785 640 798 657 1.
811 640 867 657 class.
879 645 922 657 cum
933 640 974 658 Oct.

626 671 664 689 Pro
671 671 728 689 Clcro
735 672 820 694 regulari
827 674 846 690 et
853 673 948 694 saeculari,
957 678 981 690 ex
987 673 1041 691 Decr.

699 695 717 713 S.
724 696 745 713 R.
755 696 775 714 C.
784 696 815 713 dic
823 696 849 713 21,
858 696 907 714 Nou
917 697 970 715 1780.

718 744 721 747 <
737 733 768 753 Iu
776 733 794 753 1.
803 733 929 760 Yespefis.

797 768 847 788 Ant.
857 768 872 788 1.

764 798 818 820 ritas
829 798 888 820 facta
898 801 933 820 est
942 799 965 820 iu
974 799 1042 821 corde

759 826 805 852 eius
815 826 878 853 quasi
886 827 942 853 ignis
950 828 1042 849 exaestu-

730 877 732 879 ,
758 860 807 876 ans:
825 856 848 876 et
864 855 956 877 verbum
973 856 1042 883 ipsius

758 883 823 910 quasi
830 883 901 905 meula
908 883 1007 909 ardebat,
1014 884 1041 905 al-

624 911 696 937 leluja.

651 944 724 962 Psalmi
737 945 761 962 dc
772 945 875 963 Dominiea
888 948 906 963 et
917 946 962 963 loco
974 946 1041 968 ultimi,

626 968 721 986 Psalmus.
733 968 820 986 Laudate
828 968 879 986 ΠΜ
889 973 957 986 omnes
968 971 1041 991 gentes.

651 996 670 1016 2.
686 996 801 1022 Ingressus
817 999 851 1018 est
866 996 980 1018 fornacem
995 1004 1041 1019 suc·

625 1025 715 1045 censam
727 1024 800 1050 nimis,
813 1027 835 1046 et
848 1031 893 1046 uon
906 1025 980 1051 tetigit
993 1032 1041 1047 eum

625 1052 715 1074 omnino
724 1052 786 1078 ignis,
795 1052 888 1079 alleluja

651 1087 669 1107 3.
693 1085 761 1107 Dedit
777 1085 798 1106 ei
816 1085 925 1108 Dominus
947 1086 970 1106 in
987 1086 1041 1107 mari

624 1113 691 1138 viam,
703 1116 725 1135 et
736 1113 793 1135 inter
805 1113 886 1135 fluctus
897 1114 999 1136 semitam
1009 1114 1041 1135 fir—

624 1141 751 1167 missimam,
760 1141 852 1168 alleluja.

651 1175 670 1195 4.
680 1174 772 1196 sustulit
781 1175 882 1196 mortuos
891 1174 919 1196 ab
929 1174 1006 1196 inferis
1015 1172 1041 1196 de

624 1204 685 1251 ῗοιηθ
694 1202 780 1227 mortis,
792 1202 814 1223 in
823 1202 892 1224 verbo
901 1202 1001 1228 Domini,
1014 1203 1040 1224 a]-

633 1236 645 1251 e
654 1230 696 1257 uia.

650 1262 670 1282 5.
684 1263 709 1283 In
720 1262 766 1284 vita
779 1269 820 1284 sua
832 1263 885 1284 fecit
898 1266 1007 1289 monstra,
1020 1266 1040 1284 et

623 1290 646 1311 in
663 1293 735 1312 morte
753 1291 861 1313 mirabilia
880 1292 985 1318 operatus
1003 1294 1040 1316 est,

623 1318 717 1345 alleluja

664 1355 795 1381 Capitulum.
892 1356 906 1375 1.
914 1355 964 1376 Cor.
971 1356 1001 1376 13.

659 1388 666 1409 i
684 1388 764 1414 linguis
781 1388 895 1410 hominum
912 1388 1001 1415 loquar,
1019 1392 1040 1410 et

672 1416 818 1442 Angelorum,
837 1417 952 1438 caritatem
967 1420 1038 1439 autem

623 1450 668 1466 non
679 1444 782 1470 habeam,
793 1445 865 1466 factus
877 1451 926 1466 sum
937 1445 998 1467 velut
1009 1451 1039 1466 aes

623 1478 710 1498 sonans,
720 1475 758 1494 aut
768 1472 893 1500 cymbalum
902 1473 1003 1495 tinniens.
