4354 6184
858 513 974 582 Festa
996 511 1098 599 Maji.
1122 512 1201 596 (14.)

177 731 282 790 rans
300 706 509 791 feretrum
525 730 669 814 prope
683 706 849 790 fossam
862 704 1012 791 funda·
1063 704 1185 789 tione
1202 714 1349 791 nautae
1368 709 1599 808 exstincto,
1625 708 1701 813 qui
1719 707 1806 795 alte
1825 735 1893 796 ce-

176 818 317 903 menti
335 823 576 927 posuisset,
603 818 709 904 dum
731 827 909 902 sanctus
927 827 1011 902 ter·
1064 815 1250 918 ciderat,
1282 817 1420 902 vitam
1445 819 1654 922 restituit;
1683 830 1729 905 et
1758 822 1893 906 mexi-

176 956 273 1014 ram
288 956 314 1016 e
327 930 613 1017 fundamento
627 931 811 1038 projicit,
829 930 1013 1038 pulvere
1063 955 1181 1014 mam
1223 935 1554 1038 tempestatem,
1598 956 1732 1037 quam
1767 938 1896 1019 ‹intea

176 1041 371 1128 cadever
401 1046 633 1150 aspersum
664 1045 813 1130 statim
842 1044 1012 1128 revixit
1063 1040 1348 1146 praedixerat,
1376 1043 1576 1128 oratione
1600 1043 1787 1132 sedavit:
1811 1046 1894 1131 Ta·

177 1154 479 1257 Quamobrem
529 1156 655 1240 miles
699 1156 818 1240 illico
862 1180 1013 1260 regem
1063 1157 1238 1239 rentum
1268 1178 1369 1238 cum
1403 1160 1699 1260 pervenisset,
1735 1157 1896 1264 puellae

176 1267 283 1370 adit,
301 1272 430 1374 eique
446 1278 618 1354 tantum
630 1269 889 1354 mireculum
906 1274 1012 1352 nim·
1063 1275 1198 1350 mutae
1239 1267 1284 1349 in
1320 1265 1423 1350 villa
1458 1267 1626 1352 Fellina
1662 1268 1897 1376 loquelam,

177 1380 271 1467 tiat.
299 1381 503 1484 Quicum
519 1382 702 1485 megicis
717 1381 887 1468 ertibus
902 1379 1011 1465 illud
1064 1376 1352 1486 auditumque
1366 1379 1571 1465 reddidit.
1600 1381 1798 1488 Cumque
1813 1383 1896 1467 Ta·

176 1491 410 1593 tribueret,
430 1492 665 1578 Cateldum
684 1493 1012 1601 comprehendi,
1063 1491 1179 1575 renti
1195 1491 1241 1575 in
1258 1503 1390 1599 porta
1408 1518 1553 1578 caecus
1572 1493 1613 1578 ei
1628 1519 1653 1578 a
1667 1495 1897 1580 nativitete
1977 1525 1978 1530 ¹

176 1616 224 1689 et
258 1606 428 1690 catenis
470 1605 664 1692 cinctum
705 1607 751 1690 in
786 1610 1012 1692 cercerem
1065 1608 1340 1707 occurrisset,
1357 1604 1515 1691 beetus
1535 1603 1746 1692 Cateldus
1764 1606 1897 1709 illum,

176 1714 297 1803 trudi
324 1717 457 1823 jubet.
1064 1719 1290 1824 cujusnam
1332 1717 1557 1822 religionis
1599 1728 1748 1819 essent
1783 1717 1898 1805 illius

230 1857 282 1958 R„
309 1857 464 1941 Inveni
481 1855 639 1942 David,
1063 1830 1186 1915 urbis
1212 1829 1390 1961 incolae,
1417 1830 1670 1936 interrogat.
1725 1831 1805 1964 Cui
1832 1858 1897 1964 re·

659 2057 697 2110 v.
1064 1940 1607 2049 ‘¹

255 2177 276 2250 t
301 2177 438 2252 noctu
465 2165 555 2251 duo
579 2165 739 2268 Angeli
764 2189 845 2273 per
870 2167 1013 2251 visum
1065 2167 1142 2270 qui
1160 2167 1324 2251 Christi
1341 2167 1476 2252 fidem
1494 2170 1684 2252 teneant.
1725 2167 1784 2272 Et
1802 2193 1897 2252 san·

296 2279 392 2382 regi
416 2279 666 2380 astiterunt;
692 2302 805 2363 unus
832 2279 873 2363 ei
898 2304 1012 2364 mor·
1065 2287 1162 2362 ctus
1182 2277 1409 2380 Cateldus,
1426 2280 1496 2363 Tu
1514 2279 1593 2380 lili,
1611 2279 1768 2384 inquit,
1787 2279 1896 2364 chri·

176 2403 269 2476 tem
314 2400 498 2498 propter
542 2389 775 2476 Cateldum
817 2391 1013 2478 vinctum
1066 2392 1291 2476 stiandsne
1311 2416 1375 2492 es,
1395 2417 1451 2475 an
1468 2389 1692 2498 paganus?
1732 2393 1794 2478 At
1809 2392 1898 2477 ille:

177 2504 402 2588 minitans:
420 2503 532 2590 alter
547 2503 721 2588 veniam
737 2508 1012 2611 promittens,
1063 2503 1317 2610 Numquam
1340 2503 1417 2588 'me
1447 2503 1607 2610 eliquis
1637 2503 1752 2590 hanc
1776 2504 1897 2589 Chri·

177 2616 216 2699 si
252 2613 462 2701 ducatum
492 2614 709 2702 Meltridis
746 2615 871 2701 ducis
907 2625 1013 2702 tunc
1065 2616 1122 2700 sti
1144 2616 1278 2700 fidem
1303 2615 1465 2701 docuit.
1507 2617 1588 2700 Cui
1613 2627 1792 2702 sanctus
1819 2618 1897 2702 Ca·

177 2729 343 2813 mortui
369 2727 557 2814 Cateldo
590 2727 738 2813 donet.
789 2729 1011 2835 Experge·
1063 2726 1227 2813 toldus:
1250 2727 1296 2812 Si
1318 2738 1416 2814 toto
1435 2727 1572 2814 corde
1595 2727 1836 2815 credideris
1853 2730 1898 2812 in

177 2841 322 2926 lectius
343 2866 438 2946 rex3
468 2840 574 2926 dum
596 2841 726 2925 uxori
749 2840 891 2924 visum
916 2867 1011 2926 nar·
1064 2841 1209 2926 Deum
1226 2842 1420 2944 Patrem,
1443 2850 1488 2926 et
1505 2841 1681 2941 Filium,
1703 2851 1748 2926 et
1765 2841 1897 2948 Spiri-

178 2963 263 3056 rat,
292 2955 471 3038 mintius
501 2953 658 3038 mortis
688 2951 907 3038 Meltridis
937 2953 1012 3037 ad·
1063 2964 1159 3039 tum
1177 2964 1395 3056 sanem,
1419 2965 1465 3040 et
1488 2978 1543 3040 eo
1561 2954 1738 3040 nomine
1755 2952 1896 3061 bapti·

177 3067 310 3152 venit.
346 3066 431 3151 Rei
454 3069 614 3151 eventu
636 3064 817 3151 territus
834 3091 914 3150 rex
933 3065 1012 3151 Ca·
1064 3069 1191 3150 zetus
1209 3065 1362 3165 tueris,
1385 3066 1577 3173 accipies
1598 3065 1718 3151 illico
1742 3070 1898 3173 corpo·

178 3176 350 3264 tildum
377 3177 497 3262 illico
525 3175 656 3277 solvi,
683 3187 728 3261 et
754 3177 813 3263 ad
840 3202 888 3262 se
915 3203 1011 3285 per·
1065 3179 1137 3278 ris,
1158 3188 1204 3264 et
1222 3178 1380 3262 enimae
1398 3178 1659 3264 claritatem.
1694 3177 1896 3286 Respon-

177 3291 282 3376 duci
303 3295 505 3397 imperat.
546 3289 745 3396 Cumque
763 3289 937 3375 veniam
956 3289 1012 3376 ab
1065 3288 1131 3375 dit
1148 3315 1310 3375 caecus:
1328 3290 1491 3392 Credo,
1509 3290 1718 3391 Domine,
1740 3291 1899 3376 festina

178 3427 235 3488 eo
253 3403 473 3510 petiisset,
491 3426 593 3487 eum
610 3410 757 3505 rogat,
774 3411 825 3487 ut
843 3402 1011 3508 episco-
1064 3429 1136 3490 me
1153 3403 1393 3510 baptizere.
1424 3403 1483 3488 Et
1499 3401 1658 3488 beatus
1675 3401 1897 3504 Cateldus,

178 3519 335 3620 petum
352 3511 537 3597 Rachau
555 3512 759 3620 accipiat,
783 3513 855 3598 cui
872 3521 918 3597 et
936 3512 1011 3598 du·
1065 3517 1250 3622 accepta
1267 3539 1393 3621 aqua,
1412 3539 1513 3599 eum
1528 3513 1784 3620 baptizevit.
1812 3514 1897 3616 Qui

179 3631 329 3712 cotum
345 3624 565 3712 Meltridis
584 3624 732 3710 donat.
759 3626 917 3730 Itaque
936 3624 1012 3710 du·
1065 3627 1216 3711 statim
1237 3626 1382 3712 visum
1403 3626 1583 3733 recepit.
1626 3626 1671 3709 Is
1697 3650 1797 3711 cum
1819 3626 1897 3712 ho·

179 3744 328 3826 cotum
347 3748 525 3824 sanctus
544 3737 755 3823 Cateldus
780 3739 825 3821 in
848 3737 1012 3823 duode·
1064 3739 1205 3823 mines
1248 3737 1451 3839 vidisset,
1505 3737 1775 3844 compellere
1820 3762 1898 3823 eos

179 3851 266 3936 cim
302 3852 588 3958 episcopatus
622 3849 911 3952 distribuens,
956 3849 1013 3936 de
1066 3851 1217 3957 eoepit:
1239 3851 1418 3952 Venite,
1441 3850 1661 3954 inquiens,
1686 3858 1731 3935 et
1748 3847 1898 3936 videte

177 3987 262 4049 suo
290 3965 553 4071 episcopatu
584 3962 1014 4070 archiepiscoporum
1064 3962 1308 4063 hominem,
1353 3961 1430 4067 qui
1463 3985 1591 4046 sacro
1629 3960 1898 4069 baptismate

177 4075 294 4162 fecit
335 4076 535 4181 Cumque
559 4076 810 4160 universam
828 4073 1014 4159 Rachau
1065 4074 1214 4160 lumen
1253 4073 1362 4158 mihi
1404 4073 1614 4181 praestitit
1657 4073 1898 4159 oculorum.

178 4187 452 4294 provinciam
488 4213 568 4271 sua
602 4184 920 4294 praedicatione
955 4185 1014 4271 ad
1066 4188 1166 4290 Quo
1181 4212 1283 4271 cum
1294 4187 1474 4293 plurimi
1488 4189 1806 4286 convenissent,
1824 4184 1898 4271 be·

180 4299 344 4386 Christi
370 4296 505 4385 fidem
530 4300 830 4406 perduxisset,
856 4299 1012 4384 Hiero·
1067 4303 1166 4384 atus
1201 4297 1414 4384 Cateldus
1449 4297 1606 4383 ordine
1642 4298 1781 4404 coepit
1812 4295 1899 4381 illis

179 4411 408 4518 solymam,
426 4421 476 4497 ut
493 4410 736 4516 gloriosum
749 4411 931 4495 Domini
949 4436 1013 4496 se·
1068 4410 1230 4510 Christi
1243 4410 1378 4496 fidem
1392 4411 1628 4519 explicere,
1648 4435 1779 4516 quam
1794 4409 1899 4493 olim

179 4522 414 4631 pulchrum
437 4525 663 4626 inviseret,
688 4521 917 4630 profectus
935 4533 1014 4608 est.
1049 4525 1224 4624 ¹Petrus
1251 4524 1574 4630 Apostolorum
1600 4522 1826 4629 princeps,
1855 4528 1900 4607 et

179 4635 249 4722 Ibi
273 4636 371 4720 viso
396 4636 576 4720 Domini
599 4633 855 4744 sepulchro,
884 4645 929 4721 et
953 4635 1013 4718 in·
1049 4636 1360 4740 Marcusque
1392 4634 1636 4742 discipulus
1666 4635 1711 4716 in
1742 4632 1900 4718 eedem

180 4748 430 4850 cunobulis,
461 4772 514 4832 ac
543 4748 708 4833 sanctis
732 4745 844 4831 locis
871 4747 1014 4854 perlu·
1066 4748 1177 4834 urbe
1203 4746 1564 4855 praediceverant.
1612 4746 1798 4831 Etcum
1824 4744 1899 4829 ho·

181 4861 349 4962 stratis,
368 4885 469 4946 cum
487 4861 785 4945 reversionem
803 4868 947 4966 parat,
969 4860 1015 4943 in
1066 4860 1233 4944 minum
1253 4857 1490 4944 multitudo
1518 4860 1563 4942 in
1587 4857 1682 4943 dies
1699 4883 1756 4943 ex
1773 4855 1900 4941 finiti·

181 4973 350 5058 somnis
377 4971 628 5057 admonitus
660 4981 745 5073 est,
776 4980 826 5057 ut
852 4972 1014 5055 Taren·
1066 4973 1151 5056 mis
1175 4969 1431 5056 civitetibus
1456 4970 1698 5054 Tarentum
1722 4966 1781 5054 ad
1805 4992 1900 5052 san·

180 5097 286 5187 tum,
310 5083 387 5170 ubi
404 5088 562 5170 Petrus
581 5083 839 5191 Apostolus,
858 5092 904 5168 et
922 5084 1014 5190 ejus
1068 5094 1188 5170 ctum
1216 5083 1450 5169 Cateldum
1478 5086 1667 5178 veniret,
1699 5083 1793 5186 ejus
1824 5080 1900 5165 do·

182 5195 425 5306 discipulus
443 5198 620 5281 Marcus
644 5197 835 5303 primum
853 5195 1017 5282 Christi
1068 5201 1208 5282 ctrina
1231 5207 1276 5281 et
1296 5193 1520 5279 miraculis
1542 5195 1733 5302 permoti
1752 5218 1900 5299 quam·

181 5307 318 5395 fidem
331 5307 697 5417 praediceverant,
715 5307 1014 5415 proficiscere·
1067 5308 1245 5417 plirrimi
1304 5305 1514 5414 baptismi
1570 5306 1901 5392 Sacramentum

181 5433 266 5508 tur.
287 5422 451 5507 Divino
463 5420 595 5526 igitur
610 5420 747 5524 jussui
760 5420 1015 5521 assentiens,
1068 5423 1370 5527 susceperunt.

182 5533 331 5620 navim
349 5531 621 5620 conscendit
659 5534 712 5616 In
737 5556 825 5636 qua
842 5532 1015 5636 naviga·
1120 5526 1172 5630 Η.
1200 5533 1337 5617 Posui
1352 5531 1629 5638 adjutorium.
