4354 6184
290 491 364 566 90*
975 503 1090 573 Festa
1116 503 1217 591 Maii.
1241 503 1319 590 (31.)

288 693 336 770 ct
364 686 583 770 contemni
608 711 661 769 ac
687 710 770 792 pro
800 685 936 772 nihilo
968 686 1120 773 haberi
1172 684 1399 773 doloribus
1413 680 1603 791 jucundo
1623 680 1769 766 animo
1788 678 1997 788 toleratis

290 797 568 906 peroptabat.
599 799 688 886 Sed
707 799 782 906 qui
800 801 967 887 exaltat
983 799 1121 885 humi·
1172 809 1217 884 et
1251 797 1562 902 augustissimo
1598 796 1881 882 Sacramento
1916 819 1998 901 pro

289 910 356 997 les
369 913 492 998 Deus
511 913 713 1020 supernis
731 913 855 998 illum
874 913 1120 1000 cumulatis·
1172 937 1341 997 summa
1375 910 1621 997 reverentia
1655 909 1782 994 flexis
1816 906 2000 1012 genibus

291 1027 400 1112 sime
445 1026 781 1113 charismatibus
821 1027 1120 1135 locupletavit.
1171 1028 1372 1132 recepto,
1408 1021 1554 1132 pridie
1588 1019 1815 1107 Kalendas
1848 1020 1875 1105 J
1876 1019 2001 1104 unias

291 1139 464 1226 Etenim
488 1138 736 1246 prophetiae
760 1138 878 1225 dono
904 1141 1120 1242 excelluit,
1173 1164 1286 1224 anno
1331 1137 1563 1223 millesimo
1611 1134 2001 1244 septingentesimo

292 1261 337 1338 et
345 1252 544 1340 cordium
554 1252 926 1361 perscrutationis,
937 1261 990 1340 'ac
998 1263 1121 1340 tanta
1173 1253 1444 1358 octogesimo
1473 1251 1679 1360 septimo,
1707 1249 1891 1357 cupiens
1917 1245 2002 1334 dis·

292 1366 425 1452 etiam
442 1366 669 1468 miracula,
694 1391 795 1452 cum
812 1370 996 1468 viveret,
1017 1392 1120 1474 ope·
1172 1365 1285 1451 snlvi
1307 1375 1351 1451 et
1374 1390 1473 1452 esse
1496 1390 1596 1451 cum
1613 1363 1804 1464 Christ0,
1826 1370 1897 1448 ter
1916 1387 2002 1446 coe·
2152 1393 2153 1426 ÷

291 1483 413 1564 ratus
438 1488 521 1582 est,
545 1492 594 1566 ut
611 1479 747 1565 veluti
765 1479 1120 1584 Thaumatrtrgus
1171 1478 1295 1565 ncbii
1323 1479 1613 1586 praepcsitum
1639 1475 1696 1562 ab
1721 1473 1809 1562 hoc
1834 1474 2001 1561 mundo

137 1651 141 1662 ι
291 1593 588 1701 suspiceretur
606 1601 651 1678 et
668 1593 995 1701 praedicaretur.
1023 1592 1119 1679 Coe·
1173 1591 1427 1680 discedendi
1437 1593 1609 1677 veniam
1620 1588 1844 1695 flagitavit,
1859 1577 2002 1695 eaqu'e

290 1703 391 1790 lasti
406 1730 513 1791 vero
533 1706 748 1814 sapientia
764 1708 827 1794 ita
845 1711 1026 1793 ornatus
1045 1730 1119 1815 ap·
1172 1707 1352 1792 tandem
1369 1707 1615 1814 impetrata,
1634 1702 1822 1788 animam
1836 1701 2003 1787 efflavit
2153 1803 2154 1806 r

291 1819 454 1927 paruit,
478 1830 528 1905 ut
545 1819 603 1906 ad
625 1845 727 1907 cum
744 1822 954 1928 cujusque
973 1821 1120 1908 condi·
1171 1831 1293 1906 tanta
1300 1819 1448 1905 vultus
1461 1818 1690 1920 hilaritate,
1705 1826 1756 1903 ut
1768 1844 1857 1902 non
1872 1841 1898 1902 e
1913 1817 2003 1902 vita

290 1932 421 2016 tinnis
439 1931 640 2019 hemines
655 1934 927 2020 confluerent
945 1934 1117 2039 egregia
1171 1934 1376 2038 migrare,
1404 1933 1484 2020 sed
1509 1957 1535 2018 a
1559 1930 1745 2018 vinculis
1769 1937 2003 2038 erumpere

292 2044 475 2130 consilia
494 2056 538 2131 et
556 2045 821 2133 documenta
838 2047 992 2133 salutis
1010 2047 1118 2133 rela·
1172 2046 1403 2134 videretur.
1431 2048 1539 2150 Quae
1555 2045 1611 2132 de
1625 2045 1701 2131 illo
1712 2045 1889 2130 vivente
1907 2070 2001 2153 per·

291 2158 390 2243 tiri.
410 2159 551 2245 Porro
565 2169 634 2246 tot
649 2165 871 2268 tantisque
884 2162 1119 2249 virtutibus
1172 2165 1404 2247 crebuerat
1435 2159 1677 2246 sanctitatis
1710 2158 1845 2259 fama,
1880 2169 2000 2266 post·

293 2271 506 2377 insignem
551 2282 596 2358 et
631 2277 833 2382 supernis
867 2275 1119 2361 muneribus
1172 2297 1303 2382 quam
1333 2276 1565 2360 mortalem
1594 2271 1708 2359 hanc
1737 2273 1874 2358 vitam
1903 2296 2003 2357 cum
2154 2279 2155 2314 ³

293 2393 384 2492 tam
419 2383 593 2472 abunde
635 2385 822 2473 ditatum
854 2389 995 2474 virum
1030 2414 1120 2474 non
1170 2386 1302 2474 beata
1320 2387 1615 2489 commutavit
1634 2395 1763 2472 aucta
1779 2385 1920 2492 magis
1940 2397 1999 2470 at-

291 2496 427 2583 modo
441 2499 644 2603 vulgares
658 2499 869 2602 homines,
889 2500 969 2587 sed
986 2501 1119 2589 etiam
1172 2526 1258 2608 que
1281 2501 1441 2588 diffusa
1465 2512 1533 2587 est
1554 2497 1794 2586 accedente
1818 2498 2002 2585 celebri·

293 2611 375 2696 viri
404 2613 591 2722 pietate,
625 2615 859 2723 prudentia
895 2639 947 2700 ac
983 2615 1118 2720 digni·
1170 2620 1262 2701 tate
1285 2615 1595 2701 miraculorum
1618 2614 1760 2700 aDeo
1786 2612 1844 2699 ad
1862 2614 2002 2720 ipsius
2155 2693 2156 2715 r

291 2730 384 2812 tate
405 2732 669 2835 praestantes
691 2729 885 2813 unanimi
903 2729 1119 2815 sententia
1170 2730 1788 2836 invocaticnempatrattirum
1803 2728 2002 2830 Quorum
2155 2761 2156 2772 Ν

292 2848 501 2946 sanctum
519 2840 775 2927 asserebant
801 2851 846 2928 et
873 2842 1117 2949 proclama·
1171 2842 1344 2930 duobus
1376 2841 1588 2928 discissis
1623 2852 1757 2950 atque
1789 2840 2002 2951 probans,

292 2951 410 3038 bant.
946 2963 953 2980 '
1171 2957 1374 3043 Summus
1414 2955 1620 3042 Pnntifex
1662 2957 1755 3042 Leo
1802 2954 2002 3042 decimus

345 3069 397 3174 li.
420 3066 600 3152 Amavit
618 3093 728 3153 eum.
1170 3071 1325 3157 tertius
1343 3070 1535 3156 Felicem
1552 3071 1733 3158 beatum
1750 3074 2001 3177 nuncupan-

595 3204 747 3288 Le0fi0
768 3205 820 3286 vi,
1172 3182 1278 3269 dum
1310 3208 1407 3270 esse
1440 3183 1653 3288 decrevit,
1689 3191 1824 3290 atque
1857 3181 1915 3269 de
1947 3207 2001 3268 eo

420 3310 524 3398 tatis
549 3336 641 3397 suae
666 3337 826 3397 annum
853 3314 1119 3418 septuageni·
1173 3295 1377 3384 Officium
1413 3321 1465 3382 ac
1497 3297 1676 3382 Missam
1712 3297 1758 3381 in
1791 3296 2001 3380 universo

441 3451 562 3509 mum
587 3428 969 3533 praetergressum,
1000 3425 1119 3512 labo.
1174 3409 1489 3542 capulatorum
1500 3408 1664 3496 Ordine
1675 3409 1889 3496 celebrari
1899 3433 2001 3495 con·

293 3563 378 3642 res,
402 3538 663 3647 asperitates
681 3547 726 3625 et
744 3537 948 3626 diutrima
965 3539 1121 3645 jejunia
1174 3526 1316 3610 θέὓθῑῒ·

292 3653 337 3736 in
373 3657 612 3739 extremam
653 3653 948 3742 infirmitatem
982 3654 1121 3763 impu·
1224 3645 1275 3748 li.
1301 3646 1392 3733 Iste
1410 3645 1555 3732 homo.

292 3765 398 3852 lere:
417 3768 597 3876 sitisque
613 3793 734 3853 mors
752 3769 1121 3853 innocentissimae
1223 3797 1266 3866 In
1290 3797 1354 3866 111.
1372 3799 1570 3868 Noetumo
1594 3801 1766 3870 Homilia
1789 3801 1829 3870 in
1850 3803 1998 3892 Evang.

293 3880 397 3967 vitae
416 3885 709 3967 consentanea
727 3881 818 3968 fuit.
845 3882 960 3966 Nam
978 3881 1122 3968 morbi
1172 3896 1254 3970 Sint
1274 3898 1405 3973 lumbi.
1434 3899 1481 3967 de
1505 3899 1642 3968 eodem
1666 3893 1809 3968 Comm.

890 4297 1412 4354 ww

950 4821 1341 4925 Imprimatur.

447 5033 695 5118 Ratisbonae‚
719 5035 771 5100 dic
794 5035 847 5102 24.
869 5033 995 5120 Aprilis
1020 5035 1114 5101 1890.

1188 5221 1228 5294 G.
1248 5221 1467 5304 urlanborn,
1487 5225 1555 5288 Vic.
1579 5223 1613 5287 in
1636 5222 1748 5306 Spirit.
1771 5221 1892 5288 Gener.
