4290 6188
901 489 1017 560 Festa
1040 486 1253 559 Februarii.
1276 485 1353 571 (26.)

271 687 416 790 Quum
434 683 668 790 Rogerius,
693 680 912 767 Calabriae
930 679 1102 783 Comes,
1155 679 1371 767 stolorum
1379 678 1529 765 limina
1541 683 1814 782 accessisset,
1828 691 1873 768 et
1882 683 1989 769 inde

271 799 499 885 Saracenis
534 797 716 900 fugatis,
758 794 951 881 Siclliam
988 819 1102 901 pene
1154 791 1368 897 rediens,
1382 793 1633 896 Balnearia,
1666 793 1883 882 Calabriae
1912 799 1988 904 dp·

271 922 413 1001 totam
437 937 531 997 suae
551 909 731 997 ditionis
749 908 944 1012 fecisset,
970 918 1103 1014 atque
1157 905 1281 1017 pido,
1307 911 1613 1015 pertransiret,
1639 907 1697 994 ad
1719 908 1990 1013 Drogonem,

272 1027 558 1134 agrigentina
588 1022 789 1108 Ecclesia
823 1019 1020 1107 viduata¹
1038 1047 1103 1108 es·
1155 1021 1244 1107 loci
1261 1022 1551 1130 praepdsitum
1570 1020 1759 1107 divertit.
1789 1023 1869 1108 Cui
1885 1028 1989 1132 prd-

272 1151 340 1228 sct
357 1141 554 1240 Pastore,
572 1135 843 1224 Gerlandum
862 1162 887 1220 e
904 1131 1103 1241 Burgun·
1156 1136 1319 1220 nimam
1337 1134 1540 1242 corporis
1558 1133 1894 1223 dissolutionem
1912 1138 1989 1222 im·

272 1254 359 1357 dia,
380 1279 462 1363 per
479 1252 653 1359 legatos
672 1277 778 1337 suos
797 1249 1105 1357 conquisitum,
1155 1249 1323 1336 minere
1367 1246 1453 1334 sibi
1495 1247 1816 1356 praenuntians,
1865 1250 1991 1336 illum

271 1365 572 1456 revocandum
599 1364 779 1451 curavit.
832 1363 918 1466 Qui
943 1362 1105 1449 divinae
1158 1366 1285 1448 enixe
1311 1360 1578 1470 deprecatus
1601 1370 1687 1460 est,
1711 1371 1761 1448 ut
1786 1364 1854 1448 sui
1878 1391 1991 1450 sem·

274 1481 586 1588 obtemperans
622 1475 859 1580 voluntati,
902 1475 946 1561 in
983 1474 1105 1561 Cala·
1158 1501 1239 1586 per
1275 1485 1381 1584 post
1416 1474 1587 1562 abitum
1621 1473 1679 1560 ad
1713 1475 1799 1563 Dei
1835 1477 1993 1564 Altare

272 1595 414 1681 briam
433 1590 578 1679 denuo
591 1591 840 1678 revertitur:
856 1599 901 1676 et
913 1589 1106 1676 unanimi
1157 1591 1443 1696 meminisset,
1471 1615 1573 1675 cum
1597 1590 1816 1697 siquidem
1839 1591 1924 1678 sibi
1949 1593 1994 1677 in

274 1707 469 1794 emnium
499 1709 719 1792 consensu
749 1703 979 1808 Agrigenti
1004 1703 1106 1810 Epi·
1158 1703 1433 1812 Episcopatu
1455 1709 1780 1808 successurum,
1803 1705 1901 1792 Deo
1925 1732 1993 1793 re·

275 1846 439 1929 scopus
465 1818 649 1922 electus,
676 1816 733 1904 ab
750 1816 932 1904 Urbano
956 1821 1106 1902 secim·
1159 1817 1344 1922 velante,
1363 1819 1631 1924 cognoverit.
1659 1819 1800 1922 Quam
1816 1820 1993 1906 co'elitus

275 1935 346 2037 do,
359 1936 561 2020 Romano
571 1929 797 2034 Pontifice,
811 1933 1107 2016 consecratur.
1158 1930 1356 2018 habitam
1399 1932 1740 2038 praenotionem,
1793 1959 1847 2020 ea
1892 1960 1993 2043 quae

328 2046 381 2153 Ii.
405 2045 561 2131 inveni
579 2044 737 2131 David.
1159 2044 1294 2152 paulo
1330 2055 1434 2154 post
1468 2054 1571 2133 sunt
1604 2051 1776 2151 secuta,
1813 2046 1993 2134 demon·

587 2154 740 2238 Lectio
759 2181 798 2234 v.
1161 2163 1367 2244 strarunt.
1386 2158 1501 2243 Nam
1517 2183 1596 2243 scx
1611 2159 1773 2266 elapsis
1787 2159 1993 2246 vixmen·
2133 2159 2134 2192 ⁷

358 2278 571 2385 piscopus
606 2273 900 2376 renuntiatus,
934 2298 1109 2358 morum
1161 2272 1293 2375 sibus,
1312 2270 1563 2358 Gerlandus
1581 2272 1768 2360 feliciter
1786 2272 1859 2362 die
1876 2276 1994 2380 vige-
2134 2345 2135 2354 Ν

404 2386 611 2494 gravitati
634 2388 838 2472 eximiam
854 2387 961 2472 vitae
981 2385 1107 2471 casti·
1162 2386 1273 2484 sima
1298 2386 1450 2493 quinta
1466 2385 1700 2473 Februarii
1725 2386 1996 2476 obdormivit

276 2502 469 2588 maniam
513 2503 800 2608 conjungens,
846 2498 1110 2586 cathalicam
1160 2501 1206 2584 in
1231 2498 1438 2586 Domino:
1465 2500 1511 2583 in
1539 2503 1661 2608 cujus
1689 2501 1823 2587 etiam
1846 2501 1996 2588 locum

276 2615 431 2717 fidem,
462 2625 508 2702 et
539 2613 886 2700 ecclesiasticam
919 2603 1108 2720 discipli·
1160 2614 1316 2718 Drogo
1335 2611 1559 2698 sufficitur.
1595 2614 1779 2699 Sacrum
1799 2613 1995 2702 defuncti

275 2756 389 2832 nam,
409 2728 740 2836 praedicationis
758 2725 1016 2812 assiduitate
1036 2723 1109 2810 ad·
1162 2752 1325 2834 corpus
1348 2727 1393 2811 in
1417 2725 1726 2814 Cathedralem
1750 2727 1995 2814 Ecclesiam

278 2868 331 2929 eo
349 2841 627 2951 propagavit,
645 2849 694 2928 ut
711 2839 926 2947 plurimos
944 2864 969 2925 e
987 2838 1109 2924 Sara·
1161 2839 1237 2949 pia
1256 2839 1527 2928 clericerum
1551 2850 1595 2926 et
1615 2839 1811 2926 fidelium
1829 2867 1997 2950 pompa
2137 2874 2138 2936 r

278 2956 399 3043 cenis
431 2965 476 3043 et
501 2953 669 3041 Judaeis
701 2950 760 3039 ad
786 2952 950 3038 Christi
976 2950 1110 3038 iidem
1163 2954 1459 3063 deportatum,
1475 2979 1573 3040 eam
1587 2955 1849 3040 suavissimo
1865 2981 1997 3064 quem

279 3069 560 3157 converterit.
611 3068 777 3176 Inopes
815 3076 859 3153 et
890 3072 1110 3176 pauperes
1164 3067 1344 3155 efflabat
1361 3066 1518 3170 odere,
1541 3068 1747 3175 replevit:
1766 3094 1819 3155 ac
1838 3094 1996 3155 conve·
2138 3072 2139 3122 l

279 3183 484 3270 amnibus
509 3182 705 3269 caritatis
731 3179 1112 3290 complectebatur
1162 3181 1382 3268 nientibus
1409 3182 1649 3288 provinciae
1671 3181 1911 3291 Episcopis
1938 3183 1997 3270 ad

280 3296 447 3383 officiis.
499 3295 774 3404 Pupillerum
801 3321 854 3380 ac
880 3294 1113 3380 viduarum
1163 3294 1293 3380 funus
1327 3295 1659 3398 celebrandum,
1698 3305 1857 3404 quarto
1893 3308 1997 3406 post

278 3409 619 3499 necessitatibus
650 3410 712 3496 ita
746 3407 1028 3509 movebatur,
1063 3416 1113 3493 ut
1165 3408 1335 3497 ebitum
1358 3411 1429 3496 die
1448 3409 1688 3519 sepulturae
1712 3409 1794 3494 fuit
1819 3408 1994 3496 deman-

280 3525 400 3611 omni
427 3529 583 3632 Opera,
608 3523 813 3656 pecunia,
845 3549 898 3609 ac
914 3526 1111 3653 patroci·
1165 3521 1328 3644 datum.
1379 3511 1431 3616 lit·
1459 3525 1551 3610 Iste
1572 3525 1746 3631 estqui.

279 3639 371 3771 ¹¹{02
395 3642 548 3725 eorum
566 3636 867 3742 indiginflamr
891 3660 943 3720 ²¹0
962 3634 1112 3720 sontu—
1215 3673 1260 3744 In
1282 3671 1348 3743 III.
1369 3671 1571 3744 Nocturno
1592 3671 1765 3744 Homilia
1786 3676 1826 3744 in
1846 3675 1992 3762 Erang.

280 3751 429 3840 dinem
443 3752 706 3839 sublevaret.
728 3751 992 3854 Peregrinos
1007 3773 1112 3856 quo·
1164 3771 1291 3850 Homo
1307 3778 1478 3868 peregre.
1503 3769 1551 3840 de
1573 3769 1709 3840 eodem
1726 3770 1832 3842 Com.
1851 3772 1878 3841 l.
1896 3772 1991 3842 loco.

280 3892 368 3974 que
398 3866 590 3971 benigno
622 3863 871 3971 excipiebat
901 3861 1114 3970 hospitio:
1216 3874 1349 3946 Lectio
1367 3874 1416 3946 iu.
1435 3882 1472 3946 et
1489 3895 1623 3946 comm.
1639 3875 1764 3946 Feriae
1780 3877 1821 3944 in
1837 3875 1957 3946 Laud.

282 4006 335 4066 ac
359 3980 517 4067 morbo
541 3980 796 4066 laborantes
824 3976 980 4063 sedulo
1007 3977 1112 4061 invi·
1219 3992 1289 4076 Ad
1322 3991 1485 4078 Bened,
1530 3995 1631 4077 Ant,
1676 3995 1996 4089 Haeredjtgtem

281 4121 396 4197 sens,
413 4097 599 4203 patemo
616 4092 928 4225 consolabitur
943 4088 1114 4176 affectu.
1166 4121 1360 4224 ggnfium
1395 4117 1586 4225 adgptus
1621 4114 1780 4202 beatus
1817 4115 1996 4201 Geflgn.

282 4208 591 4296 Cathedralem
621 4206 866 4293 Ecclesiam
897 4203 1113 4289 Barbaro-
1167 4233 1266 4339 dus,
1291 4232 1466 4342 paravit
1483 4229 1676 4316 Domino
1701 4229 1878 4339 plebem
1901 4252 1996 4337 per.

282 4350 381 4409 sum
410 4323 589 4409 1¹¹0s¹f⁸¹¹
623 4320 819 4454 fflldim
854 4317 958 4458 ⁰¹1³}
995 4319 1098 4450 ever
1100 4361 1114 4378 ·
1166 4347 1338 4452 sectam,
1351 4346 1567 4454 papulum
1582 4341 1915 4452 acceptabilem,
1933 4366 1995 4427 se·

283 4464 396 4540 sam,
420 4436 625 4522 munifica
646 4438 814 4544 pretate
836 4440 1044 4536 restrtrut3
1070 4439 1115 4517 et
1168 4466 1383 4549 statorem
1401 4460 1620 4547 bonorum
1639 4461 1834 4564 Operum·

281 4554 326 4636 in
360 4551 576 4638 honerem
615 4548 882 4637 beatissimae
919 4544 1115 4650 Virginis
1542 4561 1550 4576 ·
1662 4607 1664 4612 .
1752 4647 1776 4668 ..

284 4665 454 4767 Mariae,
484 4663 625 4748 sancti
648 4661 822 4762 Jacobi,
850 4669 895 4747 et
922 4658 1116 4745 omnium
1365 4653 1451 4738 Die
1468 4655 1535 4737 26.
1551 4651 1790 4737 Februarn.

284 4778 607 4887 apostolerum
639 4775 824 4862 solemni
850 4774 937 4860 ritu
963 4796 1115 4858 conse·
1211 4785 1255 4868 s,
1282 4781 1495 4870 ,Ioannis
1520 4776 1741 4866 Thermi
1764 4761 1951 4848 Abbatls

285 4893 437 4979 cravit.
1354 4879 1471 4964 Civis
1499 4879 1808 4964 Panormitani.

335 4999 388 5103 Il·
413 5005 550 5093 Posui
568 5002 843 5111 adjutorium.
1478 5002 1685 5092 Duplex.
1922 5075 1927 5090 .

585 5107 738 5193 Lectio
757 5107 810 5188 vi.
1223 5117 1360 5206 Omnia
1374 5116 1422 5186 dc
1438 5114 1643 5188 Communi
1658 5113 1767 5186 Conl.
1782 5133 1864 5182 non
1876 5111 1990 5193 Pont,

368 5261 473 5322 uum
512 5259 620 5320 vcro
669 5231 840 5340 aliquot
880 5226 1117 5330 mensibus,
1167 5221 1310 5302 prater
1332 5233 1438 5302 sequ.
1464 5221 1573 5307 (mc
1595 5219 1646 5332 u.)

285 5205 369 5457 Q
416 5355 652 5456 antequam
696 5373 722 5433 e
765 5345 855 5432 vita
896 5335 1117 5447 migraret,
1502 5315 1667 5402 Oratro.

285 5470 406 5574 juxta
428 5467 654 5573 antiquam
671 5461 998 5570 Episcoporum
1016 5481 1116 5541 con·
1171 5433 1568 5651 Supplicatidnes
1594 5446 1750 5556 populi
1774 5446 1857 5549 tui,
1885 5447 1993 5551 qua·

288 5578 576 5680 suetudinem,
586 5579 776 5662 Romam
790 5573 847 5662 ad
861 5597 986 5662 sacra
997 5571 1117 5679 Apo·
1265 5588 1427 5666 sumus,
1445 5562 1648 5664 Domine,
1670 5559 1910 5647 clementer
1927 5582 1994 5643 ex·
