4378 6202
291 515 337 587 2*
885 529 1000 598 Festa
1024 526 1234 596 Februarii.
1260 526 1323 607 (14.
1350 527 1412 610 16.)

602 709 756 794 Lectio
776 739 813 792 v.
1175 726 1261 808 que
1286 726 1420 807 agens
1447 699 1856 807 quinquagesimum
1883 697 2006 804 quin-

291 811 558 1026 Recusata
607 817 652 901 in
690 816 924 904 Sabaudiae
968 822 1124 904 senatu
1173 825 1284 916 tum,
1315 815 1421 902 dum
1448 840 1473 900 e
1501 813 1645 898 Gallia
1673 813 1916 897 Annesium
1941 836 2006 897 re·

413 931 683 1039 amplissima
724 929 957 1037 dignitate,
1002 931 1123 1016 cleri·
1174 928 1382 1032 graditur,
1397 939 1501 1034 post
1514 928 1697 1012 Sacrum
1713 927 1758 1009 in
1775 924 1846 1011 die
1866 923 2007 1008 sancti

295 1045 379 1129 cali
402 1044 567 1132 militiae
591 1069 752 1130 nomen
776 1040 915 1131 dedit:
940 1054 1033 1129 tum
1057 1069 1122 1128 sa·
1174 1040 1199 1124 J
1201 1043 1355 1130 oannis
1382 1040 1677 1144 Evangelistae
1705 1038 1911 1144 Lugduni
1939 1061 2006 1121 ce-

294 1156 495 1245 cerdotio
524 1158 739 1261 initiatus,
775 1170 820 1245 et
852 1157 1124 1244 Genevonsis
1174 1153 1410 1259 lebratum,
1434 1155 1557 1259 gravi
1580 1153 1738 1252 morbo
1763 1155 2006 1258 correptus,

294 1270 493 1357 ecclesiae
536 1272 877 1381 praeposituram
925 1272 1123 1379 adeptus,
1175 1270 1378 1375 sequenti
1416 1269 1488 1354 die
1519 1267 1725 1371 migravit
1756 1268 1802 1351 in
1833 1266 2007 1372 coelum,

293 1387 385 1492 eius
407 1386 602 1469 muneris
625 1394 775 1492 partes
796 1386 910 1472 adeo
928 1385 1123 1493 perfecte
1175 1408 1290 1470 anno
1318 1382 1496 1468 Domini
1525 1380 1756 1466 millesimo
1782 1384 2006 1467 sexcente-

294 1499 508 1606 explevit,
543 1509 593 1584 ut
627 1524 728 1584 eum
761 1499 998 1584 Granerius
1034 1502 1123 1605 epi·
1176 1497 1288 1583 simo
1307 1496 1519 1601 vigesimo
1539 1493 1748 1580 secunde.
1788 1495 1893 1601 Ejus
1911 1518 2005 1578 cor·

294 1635 458 1718 scopus
475 1611 752 1698 vindicandis
778 1611 833 1697 ab
851 1610 1011 1695 ha'eresi
1029 1609 1122 1695 Cal·
1175 1637 1259 1717 pus
1283 1609 1524 1693 Annesium
1553 1608 1765 1709 delatum,
1796 1607 1840 1692 in
1869 1605 2005 1691 eccle·

293 1724 468 1809 viniana
501 1723 904 1810 Chaballicensibus
940 1724 1124 1829 aliisque
1175 1725 1241 1807 sia
1263 1722 1517 1807 monialium
1542 1720 1649 1807 dicti
1669 1720 1846 1807 Ordinis
1867 1717 2005 1804 hono·

297 1838 491 1923 Genevae
525 1837 720 1922 finitimis
754 1835 952 1951 populis,
989 1834 1124 1921 divini
1175 1837 1296 1921 n'fice
1315 1835 1542 1921 conditum
1560 1835 1652 1936 fuit,
1676 1839 1902 1944 coepitque
1919 1842 2005 1918 sta·

293 1950 418 2037 verbi
435 1957 688 2058 praeconem
707 1950 950 2037 destinarit.
981 1951 1124 2053 Quam
1175 1950 1253 2034 tim
1280 1948 1501 2034 miraculis
1528 1948 1781 2034 clarescere.
1836 1945 2006 2049 Quibus

294 2064 621 2171 expeditionem
650 2065 785 2150 alacri
812 2065 959 2149 animo
990 2068 1124 2147 susci·
1175 2062 1257 2148 rite
1292 2061 1513 2169 probatis,
1556 2060 1612 2147 ab
1647 2058 1904 2147 Alexandro
1941 2062 2006 2143 se·

139 2199 144 2211 ·
292 2177 434 2284 piens,
461 2178 704 2284 asperrima
731 2201 920 2283 quaeque
946 2180 1123 2283 perpes·
1175 2175 1315 2281 ptimo
1350 2174 1565 2260 Pontifice
1596 2174 1791 2259 Maximo
1828 2174 1873 2256 in
1910 2197 2006 2257 san·

292 2316 368 2374 sus
387 2300 466 2391 est,
490 2315 612 2398 saepe
631 2290 687 2377 ab
705 2289 926 2374 haereticis
945 2289 1123 2395 conqui·
1176 2290 1349 2373 ctorum
1367 2294 1598 2372 numerum
1615 2288 1779 2372 relatus
1799 2294 1877 2387 est,
1900 2285 2006 2368 assi·

269 2409 404 2491 ‚situs
440 2403 499 2490 ad
532 2428 706 2506 necem,
750 2402 972 2509 variisque
1008 2402 1123 2488 calu·
1176 2405 1307 2506 gnata
1330 2402 1422 2508 ejus
1445 2399 1674 2486 festivitati
1699 2398 1771 2485 die
1795 2399 2007 2505 vigesima

293 2517 422 2600 mniis
441 2527 486 2603 et
503 2515 673 2600 insidiis
687 2520 882 2602 vexatus.
908 2514 997 2602 Sed
1011 2516 1125 2602 inter
1175 2539 1292 2599 nona
1309 2514 1520 2615 ianuarii,
1544 2523 1588 2598 et
1610 2539 1637 2598 a
1656 2513 1835 2599 Summo
1859 2512 2007 2597 Ponti-

293 2639 362 2715 tot
388 2628 641 2716 discrimina
668 2640 713 2714 et
739 2632 921 2735 agones,
951 2629 1124 2737 insupe·
1176 2627 1261 2713 fice
1287 2626 1369 2711 Pio
1407 2651 1545 2727 nono,
1581 2651 1636 2711 ex
1668 2627 1903 2711 Saoterum
1933 2625 2006 2708 Ri-

294 2743 444 2830 rabilis
464 2745 555 2848 ejus
575 2741 820 2829 constantia
842 2767 1018 2850 semper
1039 2746 1125 2827 eni·
1176 2749 1300 2826 tuum
1316 2739 1678 2843 Congregationis
1693 2738 1908 2840 consulto,
1924 2737 2009 2821 uni·

294 2859 391 2945 tuit:
409 2858 582 2965 Deique
597 2883 684 2964 ope
697 2861 937 2964 protectus,
951 2867 1124 2964 septua-
1177 2853 1358 2938 versaiis
1384 2852 1596 2937 Ecclesiae
1624 2853 1793 2939 Doctor
1824 2851 1906 2936 fuit
1932 2849 2006 2936 de·

181 2983 183 2990 ’
294 2977 414 3076 ginta
443 2971 534 3058 duo
559 2970 695 3056 millia
726 2968 1038 3055 haeretieorum
1068 2969 1126 3053 ad
1178 2966 1381 3054 claratus.

296 3084 557 3170 catholicam
591 3083 727 3170 fidem
761 3083 991 3168 reduxisse
1021 3081 1124 3168 dici·
1225 3090 1277 3196 Rt.
1305 3083 1396 3167 Iste
1416 3094 1484 3169 est
1503 3083 1587 3189 qui.

293 3208 380 3300 tur,
405 3197 523 3329 intes·
545 3222 657 3303 quos
677 3193 803 3282 mlllfi
826 3195 1057 3281 nobilitate
1081 3205 1126 3281 θῗ
1225 3226 1270 3295 In
1293 3225 1573 3295 inuectum
1597 3225 1769 3296 Homilia
1793 3225 1832 3293 in
1855 3225 2001 3311 Evang.

294 3308 494 3395 doctrina
510 3314 704 3413 msignes
726 3312 1022 3395 numerantur.
1178 3321 1261 3390 Vos
1288 3314 1381 3386 estis
1402 3315 1601 3387 salterrae.
1622 3323 1669 3392 de
1688 3323 1832 3394 comm.
1858 3321 1886 3390 1.
1903 3321 2001 3390 loco.

343 3433 394 3534 R'·
424 3422 560 3509 1³⁶⁸OE
578 3423 854 3626 affigi?
1381 3487 1465 3573 Die
1483 3491 1543 3572 14.
1560 3487 1800 3574 Februarii.

402 3656 531 3736 ortuo
562 3649 792 3752 Granari0,
819 3649 1018 3757 quicum
1043 3647 1126 3732 sibi
1176 3623 1737 3729 B·J⁰⁹⁴¹1111⁵B⁹⁴Pffi⁵toe
1769 3644 1801 3709 a
1829 3623 2008 3709 conce-

426 3762 727 3870 coadJutorem
750 3762 928 3848 decerni
949 3766 1125 3846 curave·
1345 3740 1519 3844 perone
1544 3750 1829 3832 ConfeSSOriS·

294 3887 374 3979 rat,
397 3883 634 3986 episcopus
653 3881 948 3976 consecratus,
971 3876 1126 3961 sancti·
1504 3877 1669 3966 Duplex.

294 3992 400 4077 tatis
418 4017 511 4077 suae
525 3992 676 4076 radios
692 3992 1035 4097 circumquaque
1049 3987 1127 4074 dif-
1227 3995 1364 4068 Omnia
1386 4007 1428 4068 ut
1456 3999 1496 4068 tn
1520 3999 1654 4086 Propr.
1679 3999 1790 4088 Hisp.
1820 3999 1903 4069 ead.
1929 3998 2002 4068 die.

295 4103 420 4206 fudit,
434 4104 531 4189 zelo
546 4104 858 4190 ecclesiasticae
873 4103 1127 4210 disciplinae,
1422 4163 1431 4183 .
1759 4166 1784 4185 ..

295 4218 419 4325 pacis
442 4214 607 4318 stadie,
630 4216 934 4301 misericordia
958 4217 1003 4299 in
1020 4222 1125 4324 pari·
1357 4164 1540 4308 ,Dfflffif
1560 4164 1798 4342 Febrffffn·

295 4356 437 4439 peres,
453 4334 661 4436 omnique
674 4331 838 4416 virtute
852 4334 1127 4437 conspicuus.
1329 4294 1434 4382 (pst,
1459 4316 1576 4384 assrg.
1603 4315 1651 4436 e}
1673 4297 1725 4366 2..
1749 4297 1848 4439 ran.)

296 4442 369 4530 Ad
397 4443 533 4528 divini
565 4444 707 4530 cultus
740 4447 1022 4547 augmentum
1053 4468 1126 4527 no·
1309 4415 1353 4499 S·
1379 4415 1637 4500 ΑΠΗΝΗ
1657 4420 1873 4526 Martyrrs.

295 4557 630 4643 vumOrdinem
652 4555 1047 4644 sanctimonialium
1065 4557 1126 4640 in·
1458 4549 1718 4638 semiduprex.

296 4673 453 4772 stituit,
481 4697 507 4757 a
531 4671 796 4757 Visitafione
821 4671 967 4757 beatae
984 4670 1127 4774 Virgi-
1174 4767 1176 4772 ,
1227 4669 1364 4739 Omnia
1386 4673 1433 4741 de
1448 4672 1652 4744 Communi
1664 4675 1779 4744 unius
1796 4675 1904 4743 Mart.
1925 4679 2003 4742 non

294 4785 363 4868 nis
387 4789 695 4891 nuncupatum,
717 4785 798 4871 sub
817 4783 968 4887 regula
987 4783 1128 4869 sancti
1173 4765 1204 4835 P
1207 4776 1294 4853 ont,
1311 4789 1357 4857 pr
1360 4777 1452 4838 ater
1469 4770 1680 4858 sequentia.

296 4897 546 5002 Augustini3
572 4898 643 4981 cui
663 4895 834 4982 addidit
852 4896 1126 4981 constitutio·
1257 4909 1259 4914 ’
1511 4892 1675 4976 Oratio.

295 5036 374 5095 nes
399 5011 630 5118 sapientia,
655 5009 935 5110 discretione,
961 5018 1006 5094 et
1030 5035 1126 5094 sua·
1252 5007 1398 5113 desto,
1436 5011 1643 5112 Domine,
1678 5011 2004 5119 supplicationi·

296 5124 432 5208 vitate
460 5123 696 5210 mirabiles.
740 5124 838 5208 Suis
866 5123 998 5208 etiam
1024 5123 1125 5208 scri·
1291 5121 1373 5208 bus
1397 5125 1576 5210 nostris:
1599 5134 1659 5226 ut,
1678 5125 1754 5229 qui
1778 5150 1833 5210 ex
1852 5125 2005 5233 iniqui·

295 5235 384 5343 ptis
410 5236 581 5320 coelesti
605 5235 807 5322 doctrina
830 5234 1019 5336 refertis,
1045 5234 1125 5319 Ec·
1177 5239 1269 5320 tate
1296 5244 1448 5322 nostra
1474 5263 1575 5323 reos
1601 5262 1682 5322 nos
1714 5263 1812 5323 esse
1844 5244 2004 5345 cogno·

297 5348 476 5435 clasiam
499 5348 750 5452 illustravit,
775 5348 935 5456 quibus
960 5349 1044 5435 iter
1070 5347 1126 5434 ad
1177 5348 1350 5450 scimus,
1371 5348 1493 5436 beati
1510 5351 1716 5457 Martyris
1738 5353 1803 5437 tui
1820 5351 2004 5440 Anasta·

296 5462 579 5549 christianam
592 5460 909 5569 perfectionem
922 5471 1064 5547 tutum
1082 5471 1127 5547 et
1178 5462 1231 5546 sii
1264 5462 1581 5550 intercessione
1617 5464 1863 5551 liberemur.
1920 5466 2006 5551 Per

295 5577 477 5685 planum
495 5575 781 5662 demonstrat
812 5576 990 5661 Annum
1008 5573 1125 5660 deni·
1176 5576 1415 5662 Dominum
1440 5587 1649 5664 nostrum.
