4382 6202
887 536 1002 606 Festa
1026 535 1163 606 Martii.
1188 536 1265 620 (ll.)

219 728 265 803 et
294 717 592 827 impugnetur:
625 727 676 804 ut
704 717 850 826 possit
883 716 1047 805 dicere:
1097 720 1209 806 mira
1231 720 1484 824 devotione,
1512 731 1557 808 et
1582 721 1752 808 honore
1774 747 1924 830 prose·

219 829 331 917 Cum
356 829 572 940 loquebar
598 829 703 932 illis,
732 830 1047 938 impugnebant
1099 836 1329 942 quebetur)
1368 837 1636 944 praesentem
1671 861 1805 943 opem
1836 862 1926 923 non

217 969 289 1030 me
316 946 465 1050 gratis.
511 945 662 1030 Gratis
687 943 819 1048 igitur
842 969 1045 1052 persecu·
1098 949 1235 1035 semel
1261 954 1463 1035 sensisse.
1507 949 1648 1056 Capta
1672 974 1780 1054 ergo
1805 949 1925 1052 urbe,

218 1058 386 1145 tionem
422 1057 610 1168 petitur,
655 1058 730 1164 qui
763 1057 1048 1167 impugnetur
1098 1060 1307 1150 Boubaris
1330 1087 1386 1148 ex
1408 1069 1541 1169 pacto
1562 1086 1652 1169 quo
1670 1061 1834 1149 vellent
1852 1063 1925 1149 ab·

218 1171 313 1258 sine
348 1172 548 1259 crimine:
581 1171 863 1280 impugnetur
891 1183 941 1259 ut
970 1178 1046 1259 no·
1098 1179 1162 1261 ire
1177 1176 1416 1282 permissis,
1433 1173 1736 1262 Ferdinendus
1754 1175 1926 1262 felicem

217 1285 335 1386 xius,
371 1310 472 1370 cum
500 1285 558 1369 sit
587 1284 633 1368 in
660 1283 739 1369 tali
769 1285 1047 1372 confessione
1099 1288 1343 1392 victoriam,
1364 1315 1454 1375 non
1476 1287 1578 1390 sibi,
1602 1286 1683 1373 sed
1699 1289 1797 1375 Deo
1816 1289 1926 1395 ejds·

217 1398 469 1487 laudibilis:
503 1399 785 1504 impugnotur
815 1398 944 1504 quasi
973 1424 1045 1484 ve·
1101 1424 1189 1505 que
1218 1400 1505 1488 sanctissimae
1534 1400 1667 1487 Matri
1696 1406 1927 1510 acceptam

218 1511 396 1615 neficus,
416 1511 490 1618 qui
502 1511 548 1594 in
565 1510 744 1596 nomine
757 1510 938 1596 Domini
953 1511 1045 1616 glo·
1100 1513 1307 1616 referens,
1334 1513 1499 1601 dictam
1515 1515 1757 1620 Imaginem
1778 1516 1926 1602 trium

218 1625 372 1724 111111,
397 1650 496 1709 cum
517 1625 661 1731 pietas
679 1623 892 1710 virtotunr
911 1625 1045 1710 omni·
1097 1625 1254 1734 phinti
1277 1628 1426 1733 specie
1450 1627 1732 1714 ornatissimo
1757 1628 1926 1715 ferculo

218 1735 641 1824 umfundamentum
659 1737 727 1824 sit
1098 1741 1362 1847 impositam,
1374 1739 1686 1848 adTemplum,
1701 1739 1821 1849 quod
1834 1743 1927 1847 ejus

272 1855 324 1958 R.
344 1849 468 1937 Stola
484 1850 778 1958 jucunditetis.
1096 1854 1274 1940 nomine
1303 1851 1596 1939 dedicendum
1622 1865 1733 1955 erat,
1766 1853 1928 1940 defern'

272 1985 314 2056 ln
338 1987 402 2056 lll.
424 1988 624 2058 Nocturno
649 1989 820 2058 Homilia
844 1991 882 2058 in
900 1989 1045 2078 Evang.
1098 1965 1229 2071 jubet.
1282 1972 1335 2073 Ru.
1358 1965 1610 2053 OrdntibUS.

219 2076 259 2152 bi
277 2076 367 2168 quis
388 2079 507 2152 venit
533 2085 580 2156 de
602 2085 806 2156 Communi
830 2087 858 2154 1.
881 2087 980 2158 loco.
1418 2083 1568 2168 Lectio
1588 2113 1626 2164 v.

466 2235 551 2321 Die
569 2239 622 2321 ss·
640 2235 797 2323 Mam-13
1103 2186 1246 2398 Hac
1268 2191 1525 2280 celebritete
1543 2192 1753 2300 triumphi
1772 2191 1927 2280 eadem

215 2357 1045 2583 ”istamcontra
1099 2445 1199 2505 eum
1219 2306 1929 2528 mmm

1098 2531 1388 2619 Sacerdotum
1407 2531 1691 2640 processione
1709 2532 1855 2637 signis,
1876 2559 1928 2619 ac

1097 2645 1344 2750 legionibus
1362 2643 1727 2752 praecedentibus,
1746 2651 1928 2754 sequen·

1098 2767 1143 2843 te
1163 2763 1438 2891 postremum
1459 2757 1599 2863 Rege,
1622 2769 1668 2845 et
1689 2759 1929 2894 Procerum

442 2955 492 3036 1,
519 2957 569 3036 11.
1094 2871 1929 3095 11111111111111

220 3083 286 3166 EX
299 3078 530 3212 ffiepdssiae
544 3075 754 3209 ῌῑθῒόΐὶῑθ
773 3073 1047 3213 611390168Ῑέ
1099 3099 1327 3186 Gutterrio
1341 3099 1695 3209 Archiepiscopo
1709 3098 1927 3185 Toleteno

330 3193 606 3302 Hfflpstlfflfflfl
623 3197 930 3276 mmmmm·
1032 3301 1036 3308 ,
1099 3211 1467 3322 asuperstitionis
1481 3210 1687 3298 sordibus
1701 3213 1844 3299 frierat
1858 3238 1928 3298 ex·

521 3331 673 3416 Lectio
692 3333 746 3416 iv.
1098 3330 1349 3435 purgatum,
1374 3336 1419 3412 et
1437 3323 1688 3412 Christieno
1713 3325 1850 3411 cultui
1864 3351 1929 3411 re-

439 2603 596 2692 Duplcx
622 2607 649 2674 i.
676 2605 825 2674 classis

272 2713 409 2786 Omnia
434 2727 475 2787 ut
500 2717 1046 2788 111(10111111111111111111101111

219 2809 406 2882 Ecclesiae
429 2826 571 2902 praeter
594 2813 695 2886 Lcct.
719 2815 765 2886 ll.
789 2815 987 2886 Nocturni.

430 3442 736 3530 Ferdinendus
754 3442 977 3544 Castellae,
1002 3451 1047 3530 et
1100 3441 1311 3528 stitdtum
1349 3439 1465 3527 Tum
1488 3465 1594 3525 vero
1616 3438 1736 3525 idem
1753 3437 1928 3527 Toleto-

218 3447 558 3734 'fflmoms
575 3556 690 3658 Rex,
713 3557 804 3664 qui,
829 3554 888 3643 ob
911 3556 1046 3641 virtri-
1098 3580 1180 3638 nus
1206 3554 1391 3657 Praesul,
1415 3551 1676 3656 Ecclesiam,
1702 3553 1928 3660 praesenti·

350 3669 772 3778 tumpraestantiam‚
785 3668 934 3754 Sancti
947 3693 1047 3773 cog·
1097 3665 1181 3751 bus
1225 3667 1481 3776 Episcopis‚
1535 3677 1581 3752 et
1623 3665 1929 3750 innumerabili

217 3787 379 3868 nomen
405 3793 473 3870 est
496 3780 702 3889 adeptus,
725 3805 930 3884 magnam
946 3780 1046 3865 Boe·
1098 3777 1367 3886 populorum
1402 3778 1701 3880 multitudine,
1742 3775 1927 3862 solemni

218 3895 320 3982 ticae
342 3905 518 4006 partem
535 3895 581 3979 in
598 3920 723 3979 suam
748 3892 961 3979 ditionem
983 3917 1048 3978 re·
1101 3893 1381 3996 caeremonia‚
1399 3894 1498 3978 Deo
1516 3893 1561 3977 in
1579 3889 1766 3995 titulum,
1790 3901 1835 3977 et
1850 3889 1927 3978 ho·

219 4013 427 4118 cepisset,
450 4008 669 4116 Hispalim
692 4009 784 4113 ejus
801 4006 1047 4092 Provinciae
1098 4009 1253 4090 norem
1274 4006 1549 4091 Beatissimae
1567 4003 1760 4110 Virginis
1776 4003 1928 4092 Mariae

219 4123 469 4232 Principem
499 4122 657 4208 urbem
686 4121 856 4226 magnis
886 4145 942 4206 ex
971 4121 1046 4206 Hi·
1099 4116 1332 4203 dedicavit.
1360 4119 1491 4225 Cujus
1505 4116 1803 4204 venerendam
1815 4117 1927 4204 Ime-

220 4237 374 4342 spenia
408 4235 502 4321 fere
544 4235 775 4321 nobilitote
809 4234 1047 4320 contrectis
1098 4231 1245 4338 ginem
1269 4256 1369 4316 cum
1387 4233 1534 4319 multis
1552 4231 1813 4318 Sanctorum
1831 4231 1927 4316 reli·

220 4350 361 4456 copiis
386 4347 576 4450 obsedit,
601 4346 661 4435 ad
684 4375 783 4436 eam
805 4348 1047 4456 expeditio·
1100 4343 1214 4452 quiis
1232 4341 1397 4432 ibidem
1416 4345 1515 4431 Rex
1532 4345 1688 4456 reponi
1705 4345 1885 4431 curevit.

219 4487 321 4547 nem
338 4487 420 4569 per
433 4462 647 4549 visionem
665 4473 858 4548 asancto
872 4460 1048 4549 Isidoro
1151 4463 1202 4566 R.
1229 4459 1267 4545 Ο
1287 4485 1419 4567 quam
1436 4458 1697 4547 metuendus
1715 4469 1794 4545 est.

220 4578 284 4681 (ut
300 4576 453 4680 fertur)
471 4576 690 4662 incitatus.
731 4575 861 4680 Quod
880 4576 1049 4661 scilicet
1400 4580 1553 4662 Lectio
1572 4579 1624 4658 vi.

221 4690 521 4776 sanctissimus
548 4689 717 4774 Praesul
749 4715 873 4774 suam
899 4689 1047 4775 Eccle·
1177 4680 1308 4791 diecit
1325 4707 1431 4771 mox
1453 4687 1645 4772 inimum
1662 4685 1761 4771 Rex
1778 4683 1837 4770 ad
1855 4710 1928 4771 res

220 4803 330 4888 siam
346 4811 416 4889 tot
433 4801 608 4888 sae'culis
621 4804 706 4908 jam
724 4801 781 4890 ab
798 4800 1048 4886 infidelibus
1213 4822 1340 4884 novae
1355 4800 1567 4885 Ecclesiae
1581 4824 1662 4909 per
1675 4797 1927 4907 Philippum
1970 4784 1977 4907 Ι

219 4916 496 5023 profanatam
526 4915 701 5002 Christo
733 4911 1048 5002 restituendam
1098 4911 1236 4996 filium
1251 4913 1439 4998 electum
1450 4909 1926 5019 Archiepiscopumor·
1970 4952 1976 5029 1

220 5034 405 5116 curaret
444 5028 677 5116 Constenti
699 5029 832 5116 etiam
849 5025 1047 5114 traditio·
1100 5023 1333 5129 dinendas‚
1367 5027 1570 5112 instituto
1605 5024 1927 5112 Canonicorum

218 5168 274 5228 ne
289 5147 519 5252 receptum
532 5153 612 5246 est,
629 5142 752 5251 pium
765 5143 936 5248 Regem
949 5165 1049 5226 cum
1100 5163 1198 5223 cum
1233 5137 1509 5242 Praebendis,
1546 5148 1591 5226 et
1624 5138 1925 5245 Dignitetibus

219 5257 345 5358 olias,
381 5266 476 5344 tum
505 5258 551 5342 in
586 5280 641 5343 eo
670 5255 808 5357 bello,
841 5254 1048 5360 Deiparae
1099 5249 1420 5337 honestissimis
1437 5251 1710 5341 nobilissimo
1725 5251 1926 5357 collegio:

219 5370 414 5475 Virginis
437 5371 574 5475 (cujus
593 5394 766 5455 sacram
783 5365 1048 5455 venerendae
1100 5365 1171 5451 cui
1193 5390 1248 5450 ex
1270 5366 1391 5469 regia
1410 5364 1672 5452 liberalitate
1695 5365 1806 5470 largi
1829 5389 1926 5452 cen·

218 5485 462 5590 majestatis
485 5483 741 5586 Imoginem,
769 5487 1049 5588 quocrimque
1100 5503 1174 5563 sus
1210 5503 1311 5563 cum
1341 5476 1489 5562 multis
1519 5478 1824 5584 praerogativis
1857 5503 1926 5563 ac·

218 5595 315 5698 iret,
331 5596 379 5682 in
394 5596 591 5683 exercitu
605 5619 758 5682 secum
777 5592 979 5697 ducebat,
997 5617 1051 5680 ac
1100 5593 1285 5680 cessere.
1326 5591 1459 5698 Cujus
1477 5589 1712 5696 religionis,
1730 5615 1782 5676 ac
1799 5589 1926 5696 largi·
