4322 6186
788 532 904 602 Festa
927 531 1114 601 Januarii.
1138 531 1215 612 (21.)

148 721 309 807 saltem
347 722 539 828 ejasdem
575 725 776 832 corporis
810 732 980 831 partem
1032 722 1267 828 elegerunt
1292 725 1536 833 Exscrilpto
1554 724 1741 834 proinde
1760 751 1860 813 con·

148 834 421 940 possidendi.
935 899 941 914 .
1032 835 1238 944 sectoque
1262 837 1421 923 civium
1445 838 1693 948 sumptibus
1710 844 1860 947 argen-

99 948 104 1051 !
204 951 254 1054 Re.
280 951 529 1038 Honastum
546 951 661 1036 iecit.
1031 960 1122 1052 teo,
1150 961 1198 1037 ut
1226 947 1282 1037 de
1309 976 1448 1056 more,
1475 953 1579 1038 novi
1602 952 1782 1038 Patroni
1805 954 1861 1039 si·

99 1088 104 1179 ξ
461 1061 611 1146 Lectio
631 1089 669 1141 v.
1031 1063 1250 1168 mulacr0,
1294 1064 1340 1148 in
1375 1069 1518 1173 eaque
1553 1065 1734 1152 dimidia
1770 1068 1861 1171 eius

100 1184 104 1297 ἶ
151 1165 229 1376 Id
253 1179 369 1265 bene
392 1177 665 1284 feliciterque
692 1173 881 1263 advenit.
924 1175 978 1259 ll·
1032 1177 1146 1262 sacri
1170 1177 1341 1264 brachii
1364 1188 1493 1286 parte
1515 1178 1701 1281 inclusa,
1729 1204 1881 1287 quam¹

99 1300 104 1361 t
226 1292 312 1378 lius
342 1316 534 1399 namque
559 1288 739 1376 Ordinis
766 1287 981 1396 generalis
1032 1290 1224 1376 maximo
1250 1295 1483 1399 apparatu,
1516 1302 1560 1378 et
1586 1291 1861 1379 immemora-

99 1442 104 1521 3
149 1407 379 1512 Magister,
397 1405 701 1513 primoresque
719 1403 888 1503 fratres,
908 1403 983 1509 qui
1032 1401 1110 1488 bili
1128 1404 1289 1488 civium
1312 1414 1357 1491 et
1377 1404 1645 1491 advenarum
1662 1405 1861 1512 frequen·

150 1519 354 1622 aderant,
386 1529 478 1604 tam
507 1520 634 1626 justae
661 1541 807 1602 causae
836 1520 980 1601 susca-
1032 1516 1109 1618 tia,
1158 1517 1342 1622 gloriosi
1383 1518 1491 1604 civis
1533 1518 1579 1602 in
1622 1519 1863 1605 Patronum

99 1656 103 1665 ·
150 1643 229 1740 pto
253 1633 520 1740 patrocinio,
547 1631 840 1738 inspectoque
862 1628 983 1716 beati
1033 1630 1160 1716 asciti
1195 1631 1409 1718 solemnia
1444 1630 1502 1717 ad
1532 1631 1681 1718 Sancti
1712 1632 1862 1716 Domi·

100 1802 103 1811 =
149 1745 337 1833 Thomae
363 1743 510 1832 adhuc
534 1744 722 1829 viventis
749 1740 982 1844 desiderio,
1032 1743 1119 1829 nici
1140 1745 1317 1850 majoris
1338 1749 1522 1852 peracta
1544 1745 1667 1832 fuere
1691 1743 1863 1832 decimo

149 1863 369 1965 integrum
395 1859 510 1946 sacri
534 1860 627 1965 ejus
650 1857 852 1965 corporis
878 1855 981 1942 dex·
1035 1866 1192 1963 quarto
1223 1857 1450 1944 Kalendas
1484 1857 1712 1945 Februarii
1748 1885 1864 1946 anno
1998 1939 2002 1949 .

148 1985 267 2058 trum
291 1974 521 2061 brachium
537 1970 848 2079 Neapolitana>
871 1969 983 2057 Urbi
1032 1969 1264 2056 millasimo
1322 1969 1643 2058 sexcentesimo
1699 1972 1864 2080 quinto.

100 2096 105 2195 j
148 2085 472 2190 adjudicarunt:
490 2085 740 2173 venerabile
758 2111 917 2192 nempe
934 2083 981 2168 il-
1031 2081 1219 2170 Pastero
1247 2081 1319 2170 die
1343 2084 1698 2192 frequentissima
1725 2090 1864 2194 cujus·

101 2198 106 2219 ¹
147 2198 225 2285 lud
243 2201 593 2302 instrumentum,
613 2223 701 2306 quo
720 2196 981 2306 splendidis·
1033 2202 1223 2304 cumque
1255 2197 1416 2282 civium
1442 2198 1767 2305 supplicatione
1795 2224 1864 2286 so·

101 2362 107 2427 t
147 2312 286 2398 simus
309 2312 383 2400 hic
405 2312 646 2400 Catholicae
669 2310 795 2398 Fidei
817 2309 982 2398 athleta
1033 2309 1166 2396 lemni
1179 2310 1237 2396 ad
1250 2310 1465 2420 templum
1477 2312 1717 2398 maximum
1726 2323 1864 2399 trans·

147 2427 346 2512 mirificis
382 2426 576 2535 scriptis,
617 2437 842 2533 tamquam
878 2424 983 2510 forti
1032 2423 1172 2510 latum
1201 2423 1301 2525 fuit,
1335 2423 1487 2530 ibique
1517 2450 1597 2533 per
1628 2437 1731 2511 octo
1764 2452 1865 2512 con·

148 2540 329 2648 clipeo,
361 2541 621 2627 militantem
648 2539 894 2623 Ecclesiam
923 2537 981 2623 ad
1033 2539 1270 2643 sequentes
1311 2536 1405 2623 dier
1444 2563 1604 2643 magno
1639 2538 1866 2625 hominum

102 2680 107 2741 ε
147 2650 460 2740 haereticorum
475 2653 565 2740 tela
579 2653 765 2738 feliciter
778 2649 983 2736 elidenda
1034 2656 1253 2737 concursu
1279 2675 1332 2734 ac
1358 2651 1570 2754 religione
1598 2651 1781 2756 cultum,
1812 2679 1866 2740 ac

103 2862 108 2871 ¹
148 2768 345 2852 munivit.
376 2769 474 2872 Quo
491 2767 690 2875 pretioso
709 2769 896 2871 pignore
914 2790 982 2850 ac·
1034 2761 1211 2848 demum
1255 2765 1299 2847 in
1344 2789 1518 2852 sacrum
1562 2764 1866 2872 Reliquiarum

103 2876 108 2895 '
149 2883 294 2988 cepto,
319 2884 464 2987 eaque
480 2879 672 2965 maxima
691 2877 883 2964 omnium
904 2878 982 2963 Or·
1033 2873 1286 2960 thesairrum
1300 2877 1557 2985 repositum.
1578 2877 1744 2962 Paulus
1757 2903 1864 2965 vero

104 3042 109 3111 3
149 2990 301 3076 dinum
326 2992 480 3080 laetitia
506 3020 558 3078 ac
590 2993 817 3098 religione,
848 2993 981 3076 maxi·
1034 2988 1220 3090 Quintus
1238 2989 1443 3076 Pontifex
1456 2989 1684 3094 Maximus,
1702 2991 1864 3077 instan-

104 3136 108 3147 ·
149 3108 311 3212 maque
348 3106 605 3194 celebritate
639 3131 690 3191 ac
723 3129 889 3213 pompa
925 3103 982 3190 ad
1033 3113 1078 3188 te
1092 3102 1314 3190 Cardinali
1328 3102 1680 3211 archiepiscopo
1697 3103 1866 3213 Neapo-

151 3219 292 3303 sancti
310 3219 534 3305 Dominici
550 3219 727 3322 maioris
744 3217 884 3317 illato,
908 3216 982 3302 vix
1032 3215 1169 3302 litano
1202 3216 1390 3303 Octavio
1423 3217 1703 3324 Aequaviva,
1737 3217 1864 3325 huius

105 3404 109 3413 .
151 3329 235 3416 dici
256 3342 428 3439 potest,
453 3343 665 3441 quantum
688 3329 845 3418 exinde
868 3330 981 3416 Nea·
1032 3330 1350 3417 Translatianir
1386 3331 1646 3416 memoriam
1682 3335 1864 3440 quotan-

105 3422 111 3581 ἱ
150 3444 361 3551 politanae
383 3446 527 3555 plebis
551 3445 730 3534 devotio
749 3470 801 3530 ac
818 3443 983 3530 fidicia
1033 3444 1100 3529 nis
1127 3441 1200 3530 die
1226 3441 1516 3551 praecedenti,
1545 3442 1717 3530 decimo
1744 3470 1864 3531 nono

148 3558 192 3641 in
209 3569 414 3646 sanctum
433 3561 575 3646 civem
591 3558 835 3644 increverit
1032 3558 1057 3641 J
1059 3557 1226 3642 anuarii
1251 3559 1321 3662 (ne
1344 3558 1505 3643 festum
1530 3557 1865 3643 celebratissimi

204 3671 256 3774 lb.
280 3673 461 3760 Amavit
483 3699 593 3759 eum.
694 3747 699 3754 .
1031 3670 1239 3779 Martyris
1258 3670 1506 3756 sebastiani
1523 3697 1550 3755 a
1568 3670 1639 3757 die
1658 3669 1864 3777 gloridsae

456 3781 609 3866 Lectio
630 3780 683 3862 vi.
1032 3809 1125 3868 suae
1152 3783 1443 3869 confessionis
1470 3785 1763 3888 amoveretur)
1796 3808 1864 3868 ce·

110 3974 114 3987 .
225 3900 386 4004 ontigit
420 3909 568 3986 autem
612 3923 728 3984 anno
763 3901 981 4005 reparatae
1032 3895 1195 3982 lebrari
1221 3892 1456 3982 mandavit
1507 3895 1741 3981 Postremo
1768 3895 1862 3982 Leo

257 4013 413 4099 salitis
452 4013 682 4100 millesimo
720 4011 980 4098 sexcentesi-
1032 4009 1155 4117 Papa
1174 4008 1371 4095 decimus
1384 4008 1540 4095 tertius
1555 4007 1636 4094 has
1650 4008 1864 4095 lectiones

111 4176 114 4221 ;
152 4151 240 4226 mo,
262 4136 314 4211 ut
336 4151 392 4211 ex
410 4125 672 4212 hiemalibus
696 4125 856 4232 pluviis
881 4124 981 4232 plus
1031 4122 1237 4230 proprias
1272 4119 1329 4209 de
1363 4121 1670 4207 Translatidne
1704 4119 1864 4230 praedi·

112 4332 116 4343 ,
152 4240 284 4326 nimio
314 4239 656 4371 exundantibus,
681 4239 726 4323 iu
752 4239 846 4371 aggi
868 4236 981 4322 Nea·
1034 4246 1106 4321 cta
1123 4237 1168 4318 in
1186 4235 1361 4368 Officio,
1385 4261 1487 4366 cum
1506 4234 1779 4369 oratidnibus
1797 4236 1863 4321 iti·

111 4410 115 4609 j
151 4350 982 4572 iilibaltlaaaitbai
1007 4432 1012 4523 =
1033 4348 1863 4569 iiaiitlbiaaaaaltai

110 4620 115 4737 1
151 4577 401 4684 iniecerint,
443 4591 493 4667 ut
531 4578 705 4666 lethalis
748 4578 852 4663 inde
887 4576 982 4662 lues
1034 4577 1172 4663 citare
1189 4574 1381 4660 indalsit.

110 4762 114 4787 ,
151 4691 280 4798 louge
305 4694 483 4801 lateque
506 4719 588 4801 per
613 4693 814 4779 civitates
838 4701 883 4776 et
906 4695 981 4797 dp·
1091 4685 1141 4790 li.
1162 4690 1253 4775 Iste
1270 4688 1418 4773 homo.

153 4805 254 4912 pida
276 4807 590 4894 miserabiliter
612 4807 898 4910 grassaretur,
941 4805 983 4886 A
1089 4807 1134 4876 Ι11
1157 4807 1221 4874 lll.
1239 4805 1437 4876 Nocturno
1462 4801 1633 4872 Homilia
1658 4802 1696 4868 in
1717 4801 1863 4888 Evang.

111 4914 115 5013 i
153 4945 237 5054 qua
263 4921 431 5053 exitiali
458 4920 585 5008 clade
614 4945 719 5051 cum
740 4917 984 5049 beatissimi
1039 4903 1229 5070 {Ofoggfiss
1249 4905 1310 4978 ⁸³1
1327 4914 1451 4979 terrae.
1481 4899 1527 4970 (¹⁰
1546 4897 1689 4966 Comm.
1707 4897 1863 4968 Ductor.

110 5054 115 5229 i
151 5034 574 5256 {uduidvssag'ggiiiig
603 5028 984 5233 iistiidmliiiilflstl'zdpdilq
1254 5155 1639 5245 Die21,Ja11uarii,

110 5242 985 5486 {ggffigggsffizffiffissffiffi
1102 5283 1569 5476 1n001utras13123uu
1589 5283 1803 5387 Martyrs.

111 5484 118 5641 i
155 5491 384 5591 Th⁰mamr
401 5491 589 5574 affluente
608 5485 834 5571 Clemi‘sste
853 5482 982 5568 0015·
1089 5509 1132 5579 ln
1161 5509 1187 5576 Ι.
1220 5431 1429 5577 Nocturnd1
1431 5426 1657 5574 chexc.fioneS
1690 5501 1737 5570 de
1766 5497 1863 5570 Scri·

113 5644 120 5761 ,
153 5629 218 5708 vo,
242 5605 290 5690 in
308 5602 638 5712 optatissimum
656 5599 725 5682 sui
742 5597 984 5682 Patrdnum
1036 5613 1150 5693 ptura
1173 5610 1406 5674 occurrente.

253 5873 347 5942 Prope.
357 5871 487 5939 Neapollt.
499 5869 531 5924 P.
541 5865 676 5922 Hiemslls.
1632 5831 1655 5900 2
