<?xml version="1.0" encoding="UTF-8"?>
<!DOCTYPE html PUBLIC "-//W3C//DTD XHTML 1.0 Transitional//EN"
    "http://www.w3.org/TR/xhtml1/DTD/xhtml1-transitional.dtd">
<html xmlns="http://www.w3.org/1999/xhtml" xml:lang="en" lang="en">
 <head>
  <title>
</title>
<meta http-equiv="Content-Type" content="text/html;charset=utf-8" />
  <meta name='ocr-system' content='tesseract 3.04.00' />
  <meta name='ocr-capabilities' content='ocr_page ocr_carea ocr_par ocr_line ocrx_word'/>
</head>
<body>
  <div class='ocr_page' id='page_1' title='image "./officiaproprias01churgoog_0068.png"; bbox 0 0 4378 6202; ppageno 0'>
   <div class='ocr_carea' id='block_1_1' title="bbox 864 523 1882 619">
    <p class='ocr_par' dir='ltr' id='par_1_1' title="bbox 864 523 1882 619">
     <span class='ocr_line' id='line_1_1' title="bbox 864 523 1882 619; baseline 0.012 -17"><span class='ocrx_word' id='word_1_1' title='bbox 864 531 980 604; x_wconf 87' lang='lat' dir='ltr'>Festa</span> <span class='ocrx_word' id='word_1_2' title='bbox 1003 531 1121 602; x_wconf 87' lang='lat' dir='ltr'>Junii.</span> <span class='ocrx_word' id='word_1_3' title='bbox 1145 533 1200 619; x_wconf 87' lang='lat'><strong>(3.)</strong></span> <span class='ocrx_word' id='word_1_4' title='bbox 1365 523 1370 530; x_wconf 43' lang='lat'>⁸</span> <span class='ocrx_word' id='word_1_5' title='bbox 1835 535 1882 614; x_wconf 69' lang='lat'>5¹⁸¹</span> 
     </span>
    </p>
   </div>
   <div class='ocr_carea' id='block_1_2' title="bbox 167 722 1881 842">
    <p class='ocr_par' dir='ltr' id='par_1_2' title="bbox 167 722 1881 842">
     <span class='ocr_line' id='line_1_2' title="bbox 167 722 1881 842; baseline 0.008 -36"><span class='ocrx_word' id='word_1_6' title='bbox 167 722 242 823; x_wconf 93' lang='lat' dir='ltr'>ris,</span> <span class='ocrx_word' id='word_1_7' title='bbox 268 722 428 829; x_wconf 91' lang='lat' dir='ltr'>quibus</span> <span class='ocrx_word' id='word_1_8' title='bbox 451 722 710 809; x_wconf 85' lang='lat' dir='ltr'>munditiam</span> <span class='ocrx_word' id='word_1_9' title='bbox 729 748 853 808; x_wconf 87' lang='lat' dir='ltr'>suam</span> <span class='ocrx_word' id='word_1_10' title='bbox 873 726 999 808; x_wconf 88' lang='lat' dir='ltr'>enixe</span> <span class='ocrx_word' id='word_1_11' title='bbox 1051 727 1341 830; x_wconf 65' lang='lat' dir='ltr'>grassaretur,</span> <span class='ocrx_word' id='word_1_12' title='bbox 1362 751 1521 832; x_wconf 89' lang='lat' dir='ltr'>magna</span> <span class='ocrx_word' id='word_1_13' title='bbox 1543 729 1671 836; x_wconf 89' lang='lat' dir='ltr'>panis</span> <span class='ocrx_word' id='word_1_14' title='bbox 1693 730 1737 817; x_wconf 93' lang='lat' dir='ltr'>vi</span> <span class='ocrx_word' id='word_1_15' title='bbox 1759 758 1881 842; x_wconf 86' lang='lat' dir='ltr'>saepe</span> 
     </span>
    </p>
   </div>
   <div class='ocr_carea' id='block_1_3' title="bbox 159 835 1986 5704">
    <p class='ocr_par' dir='ltr' id='par_1_3' title="bbox 159 835 1986 5704">
     <span class='ocr_line' id='line_1_3' title="bbox 167 835 1882 952; baseline 0.007 -32"><span class='ocrx_word' id='word_1_16' title='bbox 167 835 571 939; x_wconf 84' lang='lat' dir='ltr'>commendaverat,</span> <span class='ocrx_word' id='word_1_17' title='bbox 596 846 665 921; x_wconf 90' lang='lat' dir='ltr'>est</span> <span class='ocrx_word' id='word_1_18' title='bbox 690 861 822 945; x_wconf 88' lang='lat' dir='ltr'>opem</span> <span class='ocrx_word' id='word_1_19' title='bbox 846 838 997 944; x_wconf 85' lang='lat' dir='ltr'>exper·</span> <span class='ocrx_word' id='word_1_20' title='bbox 1052 838 1183 922; x_wconf 90' lang='lat' dir='ltr'>etiam</span> <span class='ocrx_word' id='word_1_21' title='bbox 1204 863 1286 945; x_wconf 91' lang='lat' dir='ltr'>per</span> <span class='ocrx_word' id='word_1_22' title='bbox 1305 837 1558 945; x_wconf 91' lang='lat' dir='ltr'>prodigium</span> <span class='ocrx_word' id='word_1_23' title='bbox 1582 841 1882 952; x_wconf 89' lang='lat' dir='ltr'>multiplicata,</span> 
     </span>
     <span class='ocr_line' id='line_1_4' title="bbox 165 947 1881 1056; baseline 0.006 -22"><span class='ocrx_word' id='word_1_24' title='bbox 165 958 248 1034; x_wconf 91' lang='lat' dir='ltr'>tus.</span> <span class='ocrx_word' id='word_1_25' title='bbox 289 947 600 1036; x_wconf 89' lang='lat' dir='ltr'>Obedientiam</span> <span class='ocrx_word' id='word_1_26' title='bbox 618 949 776 1035; x_wconf 89' lang='lat' dir='ltr'>ceteris</span> <span class='ocrx_word' id='word_1_27' title='bbox 796 948 1000 1036; x_wconf 85' lang='lat' dir='ltr'>omnibus</span> <span class='ocrx_word' id='word_1_28' title='bbox 1052 951 1292 1036; x_wconf 67' lang='lat' dir='ltr'>esurientes</span> <span class='ocrx_word' id='word_1_29' title='bbox 1313 951 1511 1056; x_wconf 87' lang='lat' dir='ltr'>quotidie</span> <span class='ocrx_word' id='word_1_30' title='bbox 1528 953 1692 1041; x_wconf 81' lang='lat' dir='ltr'>reiecit.</span> <span class='ocrx_word' id='word_1_31' title='bbox 1718 956 1814 1045; x_wconf 90' lang='lat' dir='ltr'>Nec</span> <span class='ocrx_word' id='word_1_32' title='bbox 1829 984 1881 1044; x_wconf 88' lang='lat' dir='ltr'>ea</span> 
     </span>
     <span class='ocr_line' id='line_1_5' title="bbox 166 1061 1882 1181; baseline 0.006 -35"><span class='ocrx_word' id='word_1_33' title='bbox 166 1061 382 1148; x_wconf 84' lang='lat' dir='ltr'>antetulit.</span> <span class='ocrx_word' id='word_1_34' title='bbox 434 1063 507 1151; x_wconf 88' lang='lat' dir='ltr'>Ab</span> <span class='ocrx_word' id='word_1_35' title='bbox 543 1063 827 1150; x_wconf 86' lang='lat' dir='ltr'>adolescente</span> <span class='ocrx_word' id='word_1_36' title='bbox 862 1063 999 1164; x_wconf 84' lang='lat' dir='ltr'>funes,</span> <span class='ocrx_word' id='word_1_37' title='bbox 1051 1064 1173 1150; x_wconf 86' lang='lat' dir='ltr'>satis:</span> <span class='ocrx_word' id='word_1_38' title='bbox 1196 1090 1299 1150; x_wconf 93' lang='lat' dir='ltr'>nam</span> <span class='ocrx_word' id='word_1_39' title='bbox 1319 1066 1470 1173; x_wconf 82' lang='lat' dir='ltr'>pejore</span> <span class='ocrx_word' id='word_1_40' title='bbox 1488 1065 1606 1153; x_wconf 89' lang='lat' dir='ltr'>malo</span> <span class='ocrx_word' id='word_1_41' title='bbox 1624 1070 1758 1177; x_wconf 91' lang='lat' dir='ltr'>paulo</span> <span class='ocrx_word' id='word_1_42' title='bbox 1776 1082 1882 1181; x_wconf 92' lang='lat' dir='ltr'>post</span> 
     </span>
     <span class='ocr_line' id='line_1_6' title="bbox 166 1173 1986 1288; baseline 0.005 -26"><span class='ocrx_word' id='word_1_43' title='bbox 166 1180 365 1278; x_wconf 84' lang='lat' dir='ltr'>catenas,</span> <span class='ocrx_word' id='word_1_44' title='bbox 401 1177 544 1264; x_wconf 89' lang='lat' dir='ltr'>cilicia</span> <span class='ocrx_word' id='word_1_45' title='bbox 578 1178 625 1262; x_wconf 92' lang='lat' dir='ltr'>in</span> <span class='ocrx_word' id='word_1_46' title='bbox 659 1177 727 1261; x_wconf 91' lang='lat' dir='ltr'>sui</span> <span class='ocrx_word' id='word_1_47' title='bbox 757 1176 1000 1288; x_wconf 86' lang='lat' dir='ltr'>cruciatum</span> <span class='ocrx_word' id='word_1_48' title='bbox 1052 1178 1276 1264; x_wconf 89' lang='lat' dir='ltr'>civitatem</span> <span class='ocrx_word' id='word_1_49' title='bbox 1306 1179 1626 1288; x_wconf 68' lang='lat' dir='ltr'>depopulante,</span> <span class='ocrx_word' id='word_1_50' title='bbox 1658 1173 1731 1270; x_wconf 89' lang='lat' dir='ltr'>lue</span> <span class='ocrx_word' id='word_1_51' title='bbox 1759 1186 1881 1271; x_wconf 89' lang='lat' dir='ltr'>nimi·</span> <span class='ocrx_word' id='word_1_52' title='bbox 1982 1208 1986 1216; x_wconf 90' lang='lat'>·</span> 
     </span>
     <span class='ocr_line' id='line_1_7' title="bbox 164 1287 1881 1404; baseline 0.004 -29"><span class='ocrx_word' id='word_1_53' title='bbox 164 1287 379 1376; x_wconf 78' lang='lat' dir='ltr'>adhibuit.</span> <span class='ocrx_word' id='word_1_54' title='bbox 437 1290 716 1394; x_wconf 87' lang='lat' dir='ltr'>Religionem</span> <span class='ocrx_word' id='word_1_55' title='bbox 764 1289 999 1393; x_wconf 86' lang='lat' dir='ltr'>ingressus,</span> <span class='ocrx_word' id='word_1_56' title='bbox 1051 1318 1149 1377; x_wconf 92' lang='lat' dir='ltr'>rum</span> <span class='ocrx_word' id='word_1_57' title='bbox 1171 1293 1414 1396; x_wconf 88' lang='lat' dir='ltr'>teterrima,</span> <span class='ocrx_word' id='word_1_58' title='bbox 1441 1319 1497 1380; x_wconf 85' lang='lat' dir='ltr'>ex</span> <span class='ocrx_word' id='word_1_59' title='bbox 1525 1321 1612 1401; x_wconf 91' lang='lat' dir='ltr'>qua</span> <span class='ocrx_word' id='word_1_60' title='bbox 1636 1323 1794 1404; x_wconf 90' lang='lat' dir='ltr'>magna</span> <span class='ocrx_word' id='word_1_61' title='bbox 1820 1299 1881 1382; x_wconf 92' lang='lat' dir='ltr'>in-</span> 
     </span>
     <span class='ocr_line' id='line_1_8' title="bbox 165 1400 1882 1514; baseline 0.005 -26"><span class='ocrx_word' id='word_1_62' title='bbox 165 1403 242 1488; x_wconf 92' lang='lat' dir='ltr'>vili</span> <span class='ocrx_word' id='word_1_63' title='bbox 283 1402 493 1506; x_wconf 84' lang='lat' dir='ltr'>obsonio,</span> <span class='ocrx_word' id='word_1_64' title='bbox 538 1404 787 1512; x_wconf 87' lang='lat' dir='ltr'>eodemque</span> <span class='ocrx_word' id='word_1_65' title='bbox 822 1400 999 1488; x_wconf 83' lang='lat' dir='ltr'>medico</span> <span class='ocrx_word' id='word_1_66' title='bbox 1052 1405 1248 1492; x_wconf 83' lang='lat' dir='ltr'>cularum</span> <span class='ocrx_word' id='word_1_67' title='bbox 1265 1407 1512 1494; x_wconf 82' lang='lat' dir='ltr'>imminutio</span> <span class='ocrx_word' id='word_1_68' title='bbox 1529 1408 1667 1514; x_wconf 84' lang='lat' dir='ltr'>fieret,</span> <span class='ocrx_word' id='word_1_69' title='bbox 1689 1409 1882 1498; x_wconf 78' lang='lat' dir='ltr'>loannes</span> 
     </span>
     <span class='ocr_line' id='line_1_9' title="bbox 165 1514 1883 1632; baseline 0.006 -30"><span class='ocrx_word' id='word_1_70' title='bbox 165 1521 402 1603; x_wconf 90' lang='lat' dir='ltr'>contentus</span> <span class='ocrx_word' id='word_1_71' title='bbox 430 1517 527 1621; x_wconf 82' lang='lat' dir='ltr'>fuit3</span> <span class='ocrx_word' id='word_1_72' title='bbox 557 1520 692 1604; x_wconf 90' lang='lat' dir='ltr'>immo</span> <span class='ocrx_word' id='word_1_73' title='bbox 719 1518 870 1626; x_wconf 94' lang='lat' dir='ltr'>plures</span> <span class='ocrx_word' id='word_1_74' title='bbox 896 1514 999 1602; x_wconf 93' lang='lat' dir='ltr'>heb·</span> <span class='ocrx_word' id='word_1_75' title='bbox 1051 1526 1120 1604; x_wconf 93' lang='lat' dir='ltr'>tot</span> <span class='ocrx_word' id='word_1_76' title='bbox 1143 1545 1196 1604; x_wconf 89' lang='lat' dir='ltr'>ac</span> <span class='ocrx_word' id='word_1_77' title='bbox 1220 1530 1344 1605; x_wconf 90' lang='lat' dir='ltr'>tanta</span> <span class='ocrx_word' id='word_1_78' title='bbox 1371 1546 1455 1629; x_wconf 92' lang='lat' dir='ltr'>pro</span> <span class='ocrx_word' id='word_1_79' title='bbox 1483 1521 1691 1609; x_wconf 84' lang='lat' dir='ltr'>fratribus</span> <span class='ocrx_word' id='word_1_80' title='bbox 1718 1524 1883 1632; x_wconf 90' lang='lat' dir='ltr'>ubique</span> 
     </span>
     <span class='ocr_line' id='line_1_10' title="bbox 164 1629 1882 1742; baseline 0.005 -26"><span class='ocrx_word' id='word_1_81' title='bbox 164 1629 372 1717; x_wconf 81' lang='lat' dir='ltr'>domadae</span> <span class='ocrx_word' id='word_1_82' title='bbox 392 1631 486 1718; x_wconf 89' lang='lat' dir='ltr'>dies</span> <span class='ocrx_word' id='word_1_83' title='bbox 504 1633 671 1739; x_wconf 79' lang='lat' dir='ltr'>jejunus</span> <span class='ocrx_word' id='word_1_84' title='bbox 685 1631 911 1734; x_wconf 79' lang='lat' dir='ltr'>transegiti</span> <span class='ocrx_word' id='word_1_85' title='bbox 931 1655 999 1715; x_wconf 94' lang='lat' dir='ltr'>so·</span> <span class='ocrx_word' id='word_1_86' title='bbox 1050 1633 1257 1740; x_wconf 88' lang='lat' dir='ltr'>patravit,</span> <span class='ocrx_word' id='word_1_87' title='bbox 1281 1643 1331 1719; x_wconf 91' lang='lat' dir='ltr'>ut</span> <span class='ocrx_word' id='word_1_88' title='bbox 1349 1639 1558 1742; x_wconf 87' lang='lat' dir='ltr'>portento</span> <span class='ocrx_word' id='word_1_89' title='bbox 1582 1636 1743 1722; x_wconf 87' lang='lat' dir='ltr'>similia</span> <span class='ocrx_word' id='word_1_90' title='bbox 1765 1637 1882 1725; x_wconf 93' lang='lat' dir='ltr'>vide·</span> 
     </span>
     <span class='ocr_line' id='line_1_11' title="bbox 162 1742 1883 1860; baseline 0.006 -32"><span class='ocrx_word' id='word_1_91' title='bbox 162 1746 255 1828; x_wconf 91' lang='lat' dir='ltr'>mni</span> <span class='ocrx_word' id='word_1_92' title='bbox 280 1744 565 1854; x_wconf 85' lang='lat' dir='ltr'>parcissimus</span> <span class='ocrx_word' id='word_1_93' title='bbox 599 1757 675 1832; x_wconf 89' lang='lat' dir='ltr'>aut</span> <span class='ocrx_word' id='word_1_94' title='bbox 704 1745 823 1831; x_wconf 91' lang='lat' dir='ltr'>nuda</span> <span class='ocrx_word' id='word_1_95' title='bbox 853 1742 999 1844; x_wconf 91' lang='lat' dir='ltr'>humo,</span> <span class='ocrx_word' id='word_1_96' title='bbox 1051 1749 1213 1832; x_wconf 86' lang='lat' dir='ltr'>rentur.</span> <span class='ocrx_word' id='word_1_97' title='bbox 1263 1747 1322 1834; x_wconf 92' lang='lat' dir='ltr'>Et</span> <span class='ocrx_word' id='word_1_98' title='bbox 1353 1773 1405 1833; x_wconf 91' lang='lat' dir='ltr'>ea</span> <span class='ocrx_word' id='word_1_99' title='bbox 1436 1774 1541 1834; x_wconf 89' lang='lat' dir='ltr'>sane</span> <span class='ocrx_word' id='word_1_100' title='bbox 1572 1750 1751 1854; x_wconf 89' lang='lat' dir='ltr'>caritas,</span> <span class='ocrx_word' id='word_1_101' title='bbox 1783 1778 1883 1860; x_wconf 84' lang='lat' dir='ltr'>quae</span> 
     </span>
     <span class='ocr_line' id='line_1_12' title="bbox 162 1857 1883 1970; baseline 0.006 -28"><span class='ocrx_word' id='word_1_102' title='bbox 162 1868 242 1943; x_wconf 92' lang='lat' dir='ltr'>aut</span> <span class='ocrx_word' id='word_1_103' title='bbox 261 1884 397 1966; x_wconf 91' lang='lat' dir='ltr'>super</span> <span class='ocrx_word' id='word_1_104' title='bbox 415 1858 589 1945; x_wconf 89' lang='lat' dir='ltr'>assibus</span> <span class='ocrx_word' id='word_1_105' title='bbox 608 1859 809 1946; x_wconf 77' lang='lat' dir='ltr'>cubabat.</span> <span class='ocrx_word' id='word_1_106' title='bbox 838 1857 999 1944; x_wconf 91' lang='lat' dir='ltr'>Contu·</span> <span class='ocrx_word' id='word_1_107' title='bbox 1050 1869 1220 1946; x_wconf 90' lang='lat' dir='ltr'>tantum</span> <span class='ocrx_word' id='word_1_108' title='bbox 1236 1859 1472 1947; x_wconf 90' lang='lat' dir='ltr'>levamenti</span> <span class='ocrx_word' id='word_1_109' title='bbox 1490 1887 1572 1970; x_wconf 89' lang='lat' dir='ltr'>per</span> <span class='ocrx_word' id='word_1_110' title='bbox 1584 1863 1610 1948; x_wconf 89' lang='lat' dir='ltr'>J</span> <span class='ocrx_word' id='word_1_111' title='bbox 1611 1868 1798 1951; x_wconf 88' lang='lat' dir='ltr'>oannem</span> <span class='ocrx_word' id='word_1_112' title='bbox 1815 1869 1883 1952; x_wconf 88' lang='lat' dir='ltr'>ce·</span> 
     </span>
     <span class='ocr_line' id='line_1_13' title="bbox 162 1971 1883 2082; baseline 0.005 -27"><span class='ocrx_word' id='word_1_113' title='bbox 162 1971 321 2057; x_wconf 90' lang='lat' dir='ltr'>melias</span> <span class='ocrx_word' id='word_1_114' title='bbox 336 1998 444 2059; x_wconf 91' lang='lat' dir='ltr'>vero</span> <span class='ocrx_word' id='word_1_115' title='bbox 464 1998 516 2058; x_wconf 89' lang='lat' dir='ltr'>ac</span> <span class='ocrx_word' id='word_1_116' title='bbox 533 1972 699 2082; x_wconf 92' lang='lat' dir='ltr'>probra</span> <span class='ocrx_word' id='word_1_117' title='bbox 716 1972 846 2058; x_wconf 88' lang='lat' dir='ltr'>laetus</span> <span class='ocrx_word' id='word_1_118' title='bbox 864 1980 999 2077; x_wconf 92' lang='lat' dir='ltr'>atque</span> <span class='ocrx_word' id='word_1_119' title='bbox 1050 1973 1157 2059; x_wconf 89' lang='lat' dir='ltr'>teris</span> <span class='ocrx_word' id='word_1_120' title='bbox 1182 1974 1406 2076; x_wconf 82' lang='lat' dir='ltr'>attulerat,</span> <span class='ocrx_word' id='word_1_121' title='bbox 1434 1977 1645 2061; x_wconf 86' lang='lat' dir='ltr'>aeternam</span> <span class='ocrx_word' id='word_1_122' title='bbox 1670 1976 1734 2061; x_wconf 87' lang='lat' dir='ltr'>illi</span> <span class='ocrx_word' id='word_1_123' title='bbox 1757 1983 1883 2064; x_wconf 86' lang='lat' dir='ltr'>coro·</span> 
     </span>
     <span class='ocr_line' id='line_1_14' title="bbox 162 2084 1884 2198; baseline 0.004 -28"><span class='ocrx_word' id='word_1_124' title='bbox 162 2084 318 2172; x_wconf 86' lang='lat' dir='ltr'>hilaris</span> <span class='ocrx_word' id='word_1_125' title='bbox 338 2085 578 2187; x_wconf 89' lang='lat' dir='ltr'>devoravit,</span> <span class='ocrx_word' id='word_1_126' title='bbox 600 2089 809 2196; x_wconf 81' lang='lat' dir='ltr'>saepeque</span> <span class='ocrx_word' id='word_1_127' title='bbox 826 2086 999 2172; x_wconf 87' lang='lat' dir='ltr'>veniam</span> <span class='ocrx_word' id='word_1_128' title='bbox 1051 2113 1152 2172; x_wconf 90' lang='lat' dir='ltr'>nam</span> <span class='ocrx_word' id='word_1_129' title='bbox 1187 2086 1442 2194; x_wconf 89' lang='lat' dir='ltr'>promeruit.</span> <span class='ocrx_word' id='word_1_130' title='bbox 1490 2087 1633 2174; x_wconf 89' lang='lat' dir='ltr'>Letali</span> <span class='ocrx_word' id='word_1_131' title='bbox 1664 2091 1884 2198; x_wconf 83' lang='lat' dir='ltr'>siquidem</span> 
     </span>
     <span class='ocr_line' id='line_1_15' title="bbox 161 2199 1884 2310; baseline 0.004 -26"><span class='ocrx_word' id='word_1_132' title='bbox 161 2199 295 2307; x_wconf 87' lang='lat' dir='ltr'>petiit</span> <span class='ocrx_word' id='word_1_133' title='bbox 312 2199 369 2287; x_wconf 88' lang='lat' dir='ltr'>ab</span> <span class='ocrx_word' id='word_1_134' title='bbox 389 2201 443 2286; x_wconf 95' lang='lat' dir='ltr'>iis</span> <span class='ocrx_word' id='word_1_135' title='bbox 462 2201 539 2310; x_wconf 92' lang='lat' dir='ltr'>qui</span> <span class='ocrx_word' id='word_1_136' title='bbox 554 2201 735 2308; x_wconf 81' lang='lat' dir='ltr'>injurias</span> <span class='ocrx_word' id='word_1_137' title='bbox 752 2199 1000 2288; x_wconf 84' lang='lat' dir='ltr'>intulissent</span> <span class='ocrx_word' id='word_1_138' title='bbox 1050 2199 1208 2287; x_wconf 89' lang='lat' dir='ltr'>morbo</span> <span class='ocrx_word' id='word_1_139' title='bbox 1244 2203 1497 2309; x_wconf 86' lang='lat' dir='ltr'>correptus,</span> <span class='ocrx_word' id='word_1_140' title='bbox 1536 2200 1608 2288; x_wconf 89' lang='lat' dir='ltr'>die</span> <span class='ocrx_word' id='word_1_141' title='bbox 1644 2229 1696 2290; x_wconf 90' lang='lat' dir='ltr'>ac</span> <span class='ocrx_word' id='word_1_142' title='bbox 1730 2204 1884 2290; x_wconf 81' lang='lat' dir='ltr'>hvimili</span> 
     </span>
     <span class='ocr_line' id='line_1_16' title="bbox 162 2312 1884 2423; baseline 0.003 -25"><span class='ocrx_word' id='word_1_143' title='bbox 162 2323 394 2420; x_wconf 89' lang='lat' dir='ltr'>tamquam</span> <span class='ocrx_word' id='word_1_144' title='bbox 418 2312 466 2400; x_wconf 93' lang='lat' dir='ltr'>id</span> <span class='ocrx_word' id='word_1_145' title='bbox 493 2339 574 2398; x_wconf 90' lang='lat' dir='ltr'>sua</span> <span class='ocrx_word' id='word_1_146' title='bbox 596 2314 727 2423; x_wconf 90' lang='lat' dir='ltr'>culpa</span> <span class='ocrx_word' id='word_1_147' title='bbox 750 2314 915 2401; x_wconf 86' lang='lat' dir='ltr'>iactum</span> <span class='ocrx_word' id='word_1_148' title='bbox 936 2313 999 2398; x_wconf 88' lang='lat' dir='ltr'>fo·</span> <span class='ocrx_word' id='word_1_149' title='bbox 1049 2314 1186 2400; x_wconf 93' lang='lat' dir='ltr'>modo</span> <span class='ocrx_word' id='word_1_150' title='bbox 1201 2339 1333 2420; x_wconf 94' lang='lat' dir='ltr'>quem</span> <span class='ocrx_word' id='word_1_151' title='bbox 1350 2312 1630 2422; x_wconf 84' lang='lat' dir='ltr'>praedixerat,</span> <span class='ocrx_word' id='word_1_152' title='bbox 1648 2317 1781 2403; x_wconf 90' lang='lat' dir='ltr'>tertio</span> <span class='ocrx_word' id='word_1_153' title='bbox 1794 2318 1837 2404; x_wconf 91' lang='lat' dir='ltr'>N</span> <span class='ocrx_word' id='word_1_154' title='bbox 1839 2343 1884 2404; x_wconf 95' lang='lat' dir='ltr'>o·</span> 
     </span>
     <span class='ocr_line' id='line_1_17' title="bbox 162 2425 1883 2536; baseline 0.003 -26"><span class='ocrx_word' id='word_1_155' title='bbox 162 2437 249 2530; x_wconf 90' lang='lat' dir='ltr'>ret,</span> <span class='ocrx_word' id='word_1_156' title='bbox 267 2425 413 2512; x_wconf 90' lang='lat' dir='ltr'>Deum</span> <span class='ocrx_word' id='word_1_157' title='bbox 430 2427 531 2512; x_wconf 89' lang='lat' dir='ltr'>viva</span> <span class='ocrx_word' id='word_1_158' title='bbox 549 2427 653 2530; x_wconf 90' lang='lat' dir='ltr'>fide,</span> <span class='ocrx_word' id='word_1_159' title='bbox 675 2427 801 2514; x_wconf 88' lang='lat' dir='ltr'>firma</span> <span class='ocrx_word' id='word_1_160' title='bbox 819 2453 914 2536; x_wconf 86' lang='lat' dir='ltr'>spe,</span> <span class='ocrx_word' id='word_1_161' title='bbox 932 2452 998 2510; x_wconf 90' lang='lat' dir='ltr'>ar·</span> <span class='ocrx_word' id='word_1_162' title='bbox 1050 2453 1129 2512; x_wconf 91' lang='lat' dir='ltr'>nas</span> <span class='ocrx_word' id='word_1_163' title='bbox 1156 2427 1274 2512; x_wconf 84' lang='lat' dir='ltr'>lunii</span> <span class='ocrx_word' id='word_1_164' title='bbox 1304 2451 1420 2512; x_wconf 89' lang='lat' dir='ltr'>anno</span> <span class='ocrx_word' id='word_1_165' title='bbox 1448 2425 1679 2515; x_wconf 86' lang='lat' dir='ltr'>millesimo</span> <span class='ocrx_word' id='word_1_166' title='bbox 1705 2455 1883 2516; x_wconf 85' lang='lat' dir='ltr'>sexcen-</span> 
     </span>
     <span class='ocr_line' id='line_1_18' title="bbox 163 2539 1884 2651; baseline 0.002 -25"><span class='ocrx_word' id='word_1_167' title='bbox 163 2539 291 2628; x_wconf 90' lang='lat' dir='ltr'>denti</span> <span class='ocrx_word' id='word_1_168' title='bbox 322 2542 505 2630; x_wconf 84' lang='lat' dir='ltr'>caritate</span> <span class='ocrx_word' id='word_1_169' title='bbox 539 2543 788 2651; x_wconf 87' lang='lat' dir='ltr'>praesertim</span> <span class='ocrx_word' id='word_1_170' title='bbox 818 2542 863 2625; x_wconf 93' lang='lat' dir='ltr'>in</span> <span class='ocrx_word' id='word_1_171' title='bbox 894 2543 999 2627; x_wconf 88' lang='lat' dir='ltr'>San·</span> <span class='ocrx_word' id='word_1_172' title='bbox 1049 2541 1221 2642; x_wconf 88' lang='lat' dir='ltr'>tesimo,</span> <span class='ocrx_word' id='word_1_173' title='bbox 1243 2540 1389 2626; x_wconf 87' lang='lat' dir='ltr'>aetatis</span> <span class='ocrx_word' id='word_1_174' title='bbox 1407 2566 1500 2626; x_wconf 87' lang='lat' dir='ltr'>suae</span> <span class='ocrx_word' id='word_1_175' title='bbox 1520 2541 1884 2650; x_wconf 85' lang='lat' dir='ltr'>quinquagesimo</span> 
     </span>
     <span class='ocr_line' id='line_1_19' title="bbox 163 2655 1883 2761; baseline 0.002 -22"><span class='ocrx_word' id='word_1_176' title='bbox 163 2656 386 2750; x_wconf 61' lang='lat' dir='ltr'>ctissimis,</span> <span class='ocrx_word' id='word_1_177' title='bbox 402 2655 677 2760; x_wconf 78' lang='lat' dir='ltr'>Natiuitatis,</span> <span class='ocrx_word' id='word_1_178' title='bbox 703 2655 927 2741; x_wconf 87' lang='lat' dir='ltr'>Passionis</span> <span class='ocrx_word' id='word_1_179' title='bbox 955 2665 1000 2740; x_wconf 90' lang='lat' dir='ltr'>et</span> <span class='ocrx_word' id='word_1_180' title='bbox 1052 2664 1222 2761; x_wconf 89' lang='lat' dir='ltr'>quarto,</span> <span class='ocrx_word' id='word_1_181' title='bbox 1236 2657 1434 2740; x_wconf 87' lang='lat' dir='ltr'>terrenas</span> <span class='ocrx_word' id='word_1_182' title='bbox 1449 2660 1667 2740; x_wconf 81' lang='lat' dir='ltr'>aerumnas</span> <span class='ocrx_word' id='word_1_183' title='bbox 1683 2682 1783 2742; x_wconf 93' lang='lat' dir='ltr'>cum</span> <span class='ocrx_word' id='word_1_184' title='bbox 1798 2681 1883 2743; x_wconf 88' lang='lat' dir='ltr'>coe·</span> 
     </span>
     <span class='ocr_line' id='line_1_20' title="bbox 161 2765 1884 2878; baseline 0.002 -26"><span class='ocrx_word' id='word_1_185' title='bbox 161 2767 457 2857; x_wconf 86' lang='lat' dir='ltr'>Eucharistiae</span> <span class='ocrx_word' id='word_1_186' title='bbox 480 2769 703 2878; x_wconf 88' lang='lat' dir='ltr'>Mysteriis</span> <span class='ocrx_word' id='word_1_187' title='bbox 727 2769 814 2876; x_wconf 92' lang='lat' dir='ltr'>jugi</span> <span class='ocrx_word' id='word_1_188' title='bbox 837 2768 998 2855; x_wconf 85' lang='lat' dir='ltr'>oratio·</span> <span class='ocrx_word' id='word_1_189' title='bbox 1051 2765 1235 2853; x_wconf 90' lang='lat' dir='ltr'>lestibus</span> <span class='ocrx_word' id='word_1_190' title='bbox 1264 2766 1435 2871; x_wconf 82' lang='lat' dir='ltr'>gaudiis</span> <span class='ocrx_word' id='word_1_191' title='bbox 1467 2770 1767 2855; x_wconf 90' lang='lat' dir='ltr'>commutavit.</span> <span class='ocrx_word' id='word_1_192' title='bbox 1811 2769 1884 2856; x_wconf 88' lang='lat' dir='ltr'>Se·</span> 
     </span>
     <span class='ocr_line' id='line_1_21' title="bbox 161 2880 1882 2991; baseline 0.003 -26"><span class='ocrx_word' id='word_1_193' title='bbox 161 2906 221 2967; x_wconf 89' lang='lat' dir='ltr'>ne</span> <span class='ocrx_word' id='word_1_194' title='bbox 239 2882 530 2987; x_wconf 76' lang='lat' dir='ltr'>recogitabat,</span> <span class='ocrx_word' id='word_1_195' title='bbox 554 2885 599 2968; x_wconf 95' lang='lat' dir='ltr'>in</span> <span class='ocrx_word' id='word_1_196' title='bbox 624 2908 710 2991; x_wconf 87' lang='lat' dir='ltr'>qua</span> <span class='ocrx_word' id='word_1_197' title='bbox 729 2881 999 2969; x_wconf 85' lang='lat' dir='ltr'>suavissimis</span> <span class='ocrx_word' id='word_1_198' title='bbox 1050 2880 1300 2991; x_wconf 79' lang='lat' dir='ltr'>pulchrum,</span> <span class='ocrx_word' id='word_1_199' title='bbox 1324 2891 1373 2967; x_wconf 91' lang='lat' dir='ltr'>ut</span> <span class='ocrx_word' id='word_1_200' title='bbox 1394 2880 1492 2990; x_wconf 89' lang='lat' dir='ltr'>ipse</span> <span class='ocrx_word' id='word_1_201' title='bbox 1516 2881 1561 2965; x_wconf 93' lang='lat' dir='ltr'>in</span> <span class='ocrx_word' id='word_1_202' title='bbox 1583 2883 1701 2967; x_wconf 90' lang='lat' dir='ltr'>votis</span> <span class='ocrx_word' id='word_1_203' title='bbox 1721 2881 1882 2970; x_wconf 83' lang='lat' dir='ltr'>habue-</span> 
     </span>
     <span class='ocr_line' id='line_1_22' title="bbox 162 2993 1883 3107; baseline 0 -27"><span class='ocrx_word' id='word_1_204' title='bbox 162 2995 487 3104; x_wconf 88' lang='lat' dir='ltr'>stupendisque</span> <span class='ocrx_word' id='word_1_205' title='bbox 515 2997 717 3107; x_wconf 89' lang='lat' dir='ltr'>raptibus</span> <span class='ocrx_word' id='word_1_206' title='bbox 747 2998 1000 3104; x_wconf 88' lang='lat' dir='ltr'>frequenter</span> <span class='ocrx_word' id='word_1_207' title='bbox 1050 3005 1129 3097; x_wconf 91' lang='lat' dir='ltr'>rat,</span> <span class='ocrx_word' id='word_1_208' title='bbox 1153 2993 1388 3098; x_wconf 85' lang='lat' dir='ltr'>inglorium</span> <span class='ocrx_word' id='word_1_209' title='bbox 1405 2994 1528 3078; x_wconf 88' lang='lat' dir='ltr'>Deus</span> <span class='ocrx_word' id='word_1_210' title='bbox 1552 3005 1706 3081; x_wconf 90' lang='lat' dir='ltr'>contra</span> <span class='ocrx_word' id='word_1_211' title='bbox 1724 2996 1883 3099; x_wconf 85' lang='lat' dir='ltr'>glorio·</span> 
     </span>
     <span class='ocr_line' id='line_1_23' title="bbox 161 3105 1885 3216; baseline -0.001 -22"><span class='ocrx_word' id='word_1_212' title='bbox 161 3108 453 3197; x_wconf 88' lang='lat' dir='ltr'>afficiebatur.</span> <span class='ocrx_word' id='word_1_213' title='bbox 1051 3134 1149 3194; x_wconf 92' lang='lat' dir='ltr'>sum</span> <span class='ocrx_word' id='word_1_214' title='bbox 1167 3132 1266 3193; x_wconf 92' lang='lat' dir='ltr'>esse</span> <span class='ocrx_word' id='word_1_215' title='bbox 1284 3105 1438 3210; x_wconf 87' lang='lat' dir='ltr'>voluit;</span> <span class='ocrx_word' id='word_1_216' title='bbox 1457 3118 1502 3193; x_wconf 92' lang='lat' dir='ltr'>et</span> <span class='ocrx_word' id='word_1_217' title='bbox 1521 3132 1652 3214; x_wconf 90' lang='lat' dir='ltr'>quem</span> <span class='ocrx_word' id='word_1_218' title='bbox 1670 3109 1885 3216; x_wconf 86' lang='lat' dir='ltr'>sospitem</span> 
     </span>
     <span class='ocr_line' id='line_1_24' title="bbox 222 3219 1884 3366; baseline -0.001 -59"><span class='ocrx_word' id='word_1_219' title='bbox 222 3261 276 3366; x_wconf 45' lang='lat' dir='ltr'>ii·</span> <span class='ocrx_word' id='word_1_220' title='bbox 296 3250 478 3337; x_wconf 56' lang='lat' dir='ltr'>Amavit</span> <span class='ocrx_word' id='word_1_221' title='bbox 496 3275 608 3336; x_wconf 46' lang='lat' dir='ltr'><strong>eum·</strong></span> <span class='ocrx_word' id='word_1_222' title='bbox 1052 3221 1342 3321; x_wconf 84' lang='lat' dir='ltr'>exaltaverat,</span> <span class='ocrx_word' id='word_1_223' title='bbox 1388 3219 1521 3306; x_wconf 90' lang='lat' dir='ltr'>etiam</span> <span class='ocrx_word' id='word_1_224' title='bbox 1564 3228 1668 3327; x_wconf 93' lang='lat' dir='ltr'>post</span> <span class='ocrx_word' id='word_1_225' title='bbox 1713 3219 1884 3309; x_wconf 83' lang='lat' dir='ltr'>obitum</span> 
     </span>
     <span class='ocr_line' id='line_1_25' title="bbox 587 3329 1884 3452; baseline -0.003 -31"><span class='ocrx_word' id='word_1_226' title='bbox 587 3435 596 3452; x_wconf 92' lang='lat'>.</span> <span class='ocrx_word' id='word_1_227' title='bbox 679 3433 688 3452; x_wconf 93' lang='lat'>.</span> <span class='ocrx_word' id='word_1_228' title='bbox 1050 3334 1250 3446; x_wconf 78' lang='lat' dir='ltr'>plurimis</span> <span class='ocrx_word' id='word_1_229' title='bbox 1293 3332 1516 3418; x_wconf 87' lang='lat' dir='ltr'>miraculis</span> <span class='ocrx_word' id='word_1_230' title='bbox 1562 3329 1767 3438; x_wconf 90' lang='lat' dir='ltr'>dignatus</span> <span class='ocrx_word' id='word_1_231' title='bbox 1805 3345 1884 3420; x_wconf 90' lang='lat' dir='ltr'>est.</span> 
     </span>
     <span class='ocr_line' id='line_1_26' title="bbox 475 3433 1883 3552; baseline -0.002 -19"><span class='ocrx_word' id='word_1_232' title='bbox 475 3433 700 3518; x_wconf 71' lang='lat' dir='ltr'>L00t10V1·</span> <span class='ocrx_word' id='word_1_233' title='bbox 1051 3451 1197 3552; x_wconf 89' lang='lat' dir='ltr'>Quare</span> <span class='ocrx_word' id='word_1_234' title='bbox 1219 3447 1324 3532; x_wconf 91' lang='lat' dir='ltr'>Pius</span> <span class='ocrx_word' id='word_1_235' title='bbox 1348 3445 1505 3532; x_wconf 92' lang='lat' dir='ltr'>Nonus</span> <span class='ocrx_word' id='word_1_236' title='bbox 1523 3447 1728 3533; x_wconf 85' lang='lat' dir='ltr'>Pontifex</span> <span class='ocrx_word' id='word_1_237' title='bbox 1745 3447 1883 3532; x_wconf 85' lang='lat' dir='ltr'>Maxi·</span> 
     </span>
     <span class='ocr_line' id='line_1_27' title="bbox 257 3559 1884 3670; baseline -0.002 -23"><span class='ocrx_word' id='word_1_238' title='bbox 257 3586 312 3647; x_wconf 93' lang='lat' dir='ltr'>eo</span> <span class='ocrx_word' id='word_1_239' title='bbox 350 3562 508 3670; x_wconf 90' lang='lat' dir='ltr'>plenus</span> <span class='ocrx_word' id='word_1_240' title='bbox 545 3560 665 3649; x_wconf 91' lang='lat' dir='ltr'>haud</span> <span class='ocrx_word' id='word_1_241' title='bbox 699 3565 876 3669; x_wconf 79' lang='lat' dir='ltr'>peterat</span> <span class='ocrx_word' id='word_1_242' title='bbox 909 3575 999 3649; x_wconf 91' lang='lat' dir='ltr'>non</span> <span class='ocrx_word' id='word_1_243' title='bbox 1050 3588 1148 3647; x_wconf 91' lang='lat' dir='ltr'>mus</span> <span class='ocrx_word' id='word_1_244' title='bbox 1171 3585 1252 3668; x_wconf 90' lang='lat' dir='ltr'>per</span> <span class='ocrx_word' id='word_1_245' title='bbox 1275 3559 1468 3645; x_wconf 88' lang='lat' dir='ltr'>Litteras</span> <span class='ocrx_word' id='word_1_246' title='bbox 1492 3561 1538 3644; x_wconf 94' lang='lat' dir='ltr'>in</span> <span class='ocrx_word' id='word_1_247' title='bbox 1562 3560 1705 3647; x_wconf 82' lang='lat' dir='ltr'>forma</span> <span class='ocrx_word' id='word_1_248' title='bbox 1728 3559 1884 3646; x_wconf 86' lang='lat' dir='ltr'>Brevis</span> 
     </span>
     <span class='ocr_line' id='line_1_28' title="bbox 288 3671 1883 3785; baseline 0 -27"><span class='ocrx_word' id='word_1_249' title='bbox 288 3673 434 3760; x_wconf 91' lang='lat' dir='ltr'>Deum</span> <span class='ocrx_word' id='word_1_250' title='bbox 468 3675 615 3784; x_wconf 94' lang='lat' dir='ltr'>ipsum</span> <span class='ocrx_word' id='word_1_251' title='bbox 649 3675 693 3759; x_wconf 93' lang='lat' dir='ltr'>in</span> <span class='ocrx_word' id='word_1_252' title='bbox 729 3675 998 3785; x_wconf 84' lang='lat' dir='ltr'>pauperibus</span> <span class='ocrx_word' id='word_1_253' title='bbox 1051 3674 1249 3783; x_wconf 90' lang='lat' dir='ltr'>prolatas</span> <span class='ocrx_word' id='word_1_254' title='bbox 1276 3672 1492 3758; x_wconf 88' lang='lat' dir='ltr'>Kalendis</span> <span class='ocrx_word' id='word_1_255' title='bbox 1526 3671 1735 3759; x_wconf 85' lang='lat' dir='ltr'>Octobris</span> <span class='ocrx_word' id='word_1_256' title='bbox 1768 3698 1883 3758; x_wconf 88' lang='lat' dir='ltr'>anno</span> 
     </span>
     <span class='ocr_line' id='line_1_29' title="bbox 159 3785 1884 3893; baseline -0.002 -21"><span class='ocrx_word' id='word_1_257' title='bbox 159 3789 325 3873; x_wconf 92' lang='lat' dir='ltr'>intueri</span> <span class='ocrx_word' id='word_1_258' title='bbox 344 3799 389 3874; x_wconf 91' lang='lat' dir='ltr'>et</span> <span class='ocrx_word' id='word_1_259' title='bbox 407 3786 589 3892; x_wconf 88' lang='lat' dir='ltr'>diligere</span> <span class='ocrx_word' id='word_1_260' title='bbox 605 3788 679 3873; x_wconf 88' lang='lat' dir='ltr'>vix</span> <span class='ocrx_word' id='word_1_261' title='bbox 698 3813 751 3874; x_wconf 92' lang='lat' dir='ltr'>ac</span> <span class='ocrx_word' id='word_1_262' title='bbox 767 3789 998 3874; x_wconf 89' lang='lat' dir='ltr'>moderan·</span> <span class='ocrx_word' id='word_1_263' title='bbox 1050 3787 1282 3873; x_wconf 89' lang='lat' dir='ltr'>millesimo</span> <span class='ocrx_word' id='word_1_264' title='bbox 1296 3785 1659 3890; x_wconf 87' lang='lat' dir='ltr'>octingentesimo</span> <span class='ocrx_word' id='word_1_265' title='bbox 1675 3785 1884 3893; x_wconf 87' lang='lat' dir='ltr'>quinqua·</span> 
     </span>
     <span class='ocr_line' id='line_1_30' title="bbox 161 3897 1884 4012; baseline -0.002 -26"><span class='ocrx_word' id='word_1_266' title='bbox 161 3901 235 3986; x_wconf 92' lang='lat' dir='ltr'>dis</span> <span class='ocrx_word' id='word_1_267' title='bbox 264 3902 442 3989; x_wconf 87' lang='lat' dir='ltr'>Xeresii</span> <span class='ocrx_word' id='word_1_268' title='bbox 468 3901 796 3989; x_wconf 86' lang='lat' dir='ltr'>valetudinariis</span> <span class='ocrx_word' id='word_1_269' title='bbox 824 3906 999 4012; x_wconf 85' lang='lat' dir='ltr'>praepo·</span> <span class='ocrx_word' id='word_1_270' title='bbox 1051 3903 1219 4006; x_wconf 84' lang='lat' dir='ltr'>gesimo</span> <span class='ocrx_word' id='word_1_271' title='bbox 1248 3897 1444 3984; x_wconf 78' lang='lat' dir='ltr'>secando</span> <span class='ocrx_word' id='word_1_272' title='bbox 1468 3911 1518 3986; x_wconf 92' lang='lat' dir='ltr'>ut</span> <span class='ocrx_word' id='word_1_273' title='bbox 1543 3899 1709 3985; x_wconf 90' lang='lat' dir='ltr'>Beatus</span> <span class='ocrx_word' id='word_1_274' title='bbox 1734 3899 1884 4006; x_wconf 89' lang='lat' dir='ltr'>appel·</span> 
     </span>
     <span class='ocr_line' id='line_1_31' title="bbox 160 4009 1884 4122; baseline -0.003 -20"><span class='ocrx_word' id='word_1_275' title='bbox 160 4016 277 4102; x_wconf 90' lang='lat' dir='ltr'>situs</span> <span class='ocrx_word' id='word_1_276' title='bbox 289 4017 382 4103; x_wconf 87' lang='lat' dir='ltr'>fuit.</span> <span class='ocrx_word' id='word_1_277' title='bbox 401 4018 619 4120; x_wconf 89' lang='lat' dir='ltr'>Quocirca</span> <span class='ocrx_word' id='word_1_278' title='bbox 633 4021 853 4122; x_wconf 84' lang='lat' dir='ltr'>aegrerum</span> <span class='ocrx_word' id='word_1_279' title='bbox 867 4042 1000 4103; x_wconf 89' lang='lat' dir='ltr'>causa</span> <span class='ocrx_word' id='word_1_280' title='bbox 1051 4015 1150 4117; x_wconf 89' lang='lat' dir='ltr'>lari,</span> <span class='ocrx_word' id='word_1_281' title='bbox 1179 4015 1360 4120; x_wconf 83' lang='lat' dir='ltr'>ejusque</span> <span class='ocrx_word' id='word_1_282' title='bbox 1383 4009 1588 4098; x_wconf 88' lang='lat' dir='ltr'>Officium</span> <span class='ocrx_word' id='word_1_283' title='bbox 1612 4021 1657 4099; x_wconf 90' lang='lat' dir='ltr'>et</span> <span class='ocrx_word' id='word_1_284' title='bbox 1680 4012 1816 4096; x_wconf 91' lang='lat' dir='ltr'>Missa</span> <span class='ocrx_word' id='word_1_285' title='bbox 1840 4011 1884 4097; x_wconf 94' lang='lat' dir='ltr'>in</span> 
     </span>
     <span class='ocr_line' id='line_1_32' title="bbox 160 4123 1885 4234; baseline -0.003 -20"><span class='ocrx_word' id='word_1_286' title='bbox 160 4130 362 4216; x_wconf 89' lang='lat' dir='ltr'>ostiatim</span> <span class='ocrx_word' id='word_1_287' title='bbox 381 4129 672 4234; x_wconf 89' lang='lat' dir='ltr'>emendicare,</span> <span class='ocrx_word' id='word_1_288' title='bbox 693 4131 784 4215; x_wconf 91' lang='lat' dir='ltr'>suis</span> <span class='ocrx_word' id='word_1_289' title='bbox 802 4129 903 4217; x_wconf 93' lang='lat' dir='ltr'>illos</span> <span class='ocrx_word' id='word_1_290' title='bbox 922 4129 999 4215; x_wconf 83' lang='lat' dir='ltr'>hri·</span> <span class='ocrx_word' id='word_1_291' title='bbox 1052 4126 1263 4214; x_wconf 89' lang='lat' dir='ltr'>Ecclesiis</span> <span class='ocrx_word' id='word_1_292' title='bbox 1304 4125 1373 4210; x_wconf 92' lang='lat' dir='ltr'>sui</span> <span class='ocrx_word' id='word_1_293' title='bbox 1407 4123 1586 4211; x_wconf 85' lang='lat' dir='ltr'>Ordinis</span> <span class='ocrx_word' id='word_1_294' title='bbox 1622 4124 1781 4212; x_wconf 85' lang='lat' dir='ltr'>eodem</span> <span class='ocrx_word' id='word_1_295' title='bbox 1817 4123 1885 4209; x_wconf 92' lang='lat' dir='ltr'>sui</span> 
     </span>
     <span class='ocr_line' id='line_1_33' title="bbox 160 4236 1883 4354; baseline -0.003 -27"><span class='ocrx_word' id='word_1_296' title='bbox 160 4243 298 4328; x_wconf 87' lang='lat' dir='ltr'>meris</span> <span class='ocrx_word' id='word_1_297' title='bbox 316 4243 574 4346; x_wconf 85' lang='lat' dir='ltr'>convehere,</span> <span class='ocrx_word' id='word_1_298' title='bbox 593 4243 779 4330; x_wconf 90' lang='lat' dir='ltr'>lectulos</span> <span class='ocrx_word' id='word_1_299' title='bbox 794 4246 1000 4354; x_wconf 90' lang='lat' dir='ltr'>sternere,</span> <span class='ocrx_word' id='word_1_300' title='bbox 1053 4241 1201 4327; x_wconf 85' lang='lat' dir='ltr'>obitus</span> <span class='ocrx_word' id='word_1_301' title='bbox 1217 4236 1288 4324; x_wconf 94' lang='lat' dir='ltr'>die</span> <span class='ocrx_word' id='word_1_302' title='bbox 1304 4239 1541 4344; x_wconf 90' lang='lat' dir='ltr'>quotannis</span> <span class='ocrx_word' id='word_1_303' title='bbox 1555 4237 1770 4325; x_wconf 88' lang='lat' dir='ltr'>celebrari</span> <span class='ocrx_word' id='word_1_304' title='bbox 1782 4263 1883 4346; x_wconf 92' lang='lat' dir='ltr'>pos·</span> 
     </span>
     <span class='ocr_line' id='line_1_34' title="bbox 161 4351 1699 4459; baseline -0.007 -13"><span class='ocrx_word' id='word_1_305' title='bbox 161 4358 422 4446; x_wconf 90' lang='lat' dir='ltr'>vulneribus</span> <span class='ocrx_word' id='word_1_306' title='bbox 445 4357 516 4443; x_wconf 88' lang='lat' dir='ltr'>vel</span> <span class='ocrx_word' id='word_1_307' title='bbox 539 4357 795 4444; x_wconf 75' lang='lat' dir='ltr'>foedissimis</span> <span class='ocrx_word' id='word_1_308' title='bbox 820 4356 999 4459; x_wconf 86' lang='lat' dir='ltr'>mederi,</span> <span class='ocrx_word' id='word_1_309' title='bbox 1052 4366 1132 4456; x_wconf 89' lang='lat' dir='ltr'>set,</span> <span class='ocrx_word' id='word_1_310' title='bbox 1151 4351 1489 4439; x_wconf 88' lang='lat' dir='ltr'>clementissime</span> <span class='ocrx_word' id='word_1_311' title='bbox 1507 4351 1699 4437; x_wconf 76' lang='lat' dir='ltr'>indulsit.</span> 
     </span>
     <span class='ocr_line' id='line_1_35' title="bbox 162 4468 1439 4594; baseline -0.005 -34"><span class='ocrx_word' id='word_1_312' title='bbox 162 4500 279 4560; x_wconf 91' lang='lat' dir='ltr'>nnus</span> <span class='ocrx_word' id='word_1_313' title='bbox 314 4470 519 4558; x_wconf 84' lang='lat' dir='ltr'>omnibus</span> <span class='ocrx_word' id='word_1_314' title='bbox 554 4470 713 4558; x_wconf 85' lang='lat' dir='ltr'>adesse</span> <span class='ocrx_word' id='word_1_315' title='bbox 750 4471 795 4554; x_wconf 93' lang='lat' dir='ltr'>in</span> <span class='ocrx_word' id='word_1_316' title='bbox 832 4468 1000 4557; x_wconf 91' lang='lat' dir='ltr'>deliciis</span> <span class='ocrx_word' id='word_1_317' title='bbox 1109 4487 1161 4594; x_wconf 75' lang='lat' dir='ltr'>li,</span> <span class='ocrx_word' id='word_1_318' title='bbox 1181 4483 1272 4570; x_wconf 75' lang='lat' dir='ltr'>Iste</span> <span class='ocrx_word' id='word_1_319' title='bbox 1290 4481 1439 4568; x_wconf 80' lang='lat' dir='ltr'>homo,</span> 
     </span>
     <span class='ocr_line' id='line_1_36' title="bbox 161 4582 1001 4674; baseline -0.005 -2"><span class='ocrx_word' id='word_1_320' title='bbox 161 4587 331 4674; x_wconf 88' lang='lat' dir='ltr'>habuit.</span> <span class='ocrx_word' id='word_1_321' title='bbox 384 4587 500 4672; x_wconf 90' lang='lat' dir='ltr'>Tum</span> <span class='ocrx_word' id='word_1_322' title='bbox 529 4595 655 4672; x_wconf 86' lang='lat' dir='ltr'>extra</span> <span class='ocrx_word' id='word_1_323' title='bbox 681 4582 1001 4670; x_wconf 87' lang='lat' dir='ltr'>valetudinaria</span> 
     </span>
     <span class='ocr_line' id='line_1_37' title="bbox 163 4659 1657 4810; baseline -0.006 -22"><span class='ocrx_word' id='word_1_324' title='bbox 163 4727 296 4788; x_wconf 91' lang='lat' dir='ltr'>curas</span> <span class='ocrx_word' id='word_1_325' title='bbox 319 4699 569 4810; x_wconf 78' lang='lat' dir='ltr'>preferens,</span> <span class='ocrx_word' id='word_1_326' title='bbox 594 4703 774 4784; x_wconf 90' lang='lat' dir='ltr'>carcere</span> <span class='ocrx_word' id='word_1_327' title='bbox 799 4696 999 4798; x_wconf 88' lang='lat' dir='ltr'>detentis,</span> <span class='ocrx_word' id='word_1_328' title='bbox 1164 4789 1173 4808; x_wconf 94' lang='lat'>.</span> <span class='ocrx_word' id='word_1_329' title='bbox 1276 4663 1325 4744; x_wconf 73' lang='lat'>1¹¹</span> <span class='ocrx_word' id='word_1_330' title='bbox 1342 4661 1415 4743; x_wconf 76' lang='lat' dir='ltr'>m·</span> <span class='ocrx_word' id='word_1_331' title='bbox 1433 4659 1657 4804; x_wconf 58' lang='grc' dir='ltr'><strong>Νθθωῖξθ·</strong></span> 
     </span>
     <span class='ocr_line' id='line_1_38' title="bbox 164 4781 1884 4924; baseline -0.002 -54"><span class='ocrx_word' id='word_1_332' title='bbox 164 4815 326 4924; x_wconf 62' lang='lat' dir='ltr'>puiiiis</span> <span class='ocrx_word' id='word_1_333' title='bbox 347 4812 715 4923; x_wconf 57' lang='lat' dir='ltr'>periclitantibus,</span> <span class='ocrx_word' id='word_1_334' title='bbox 737 4809 899 4911; x_wconf 61' lang='lat' dir='ltr'>viduis,</span> <span class='ocrx_word' id='word_1_335' title='bbox 921 4834 999 4917; x_wconf 72' lang='lat' dir='ltr'>pu.</span> <span class='ocrx_word' id='word_1_336' title='bbox 1055 4793 1207 4878; x_wconf 85' lang='lat' dir='ltr'>Lectro</span> <span class='ocrx_word' id='word_1_337' title='bbox 1232 4794 1372 4872; x_wconf 78' lang='lat' dir='ltr'>sancti</span> <span class='ocrx_word' id='word_1_338' title='bbox 1394 4784 1621 4889; x_wconf 83' lang='lat' dir='ltr'>Evangehr</span> <span class='ocrx_word' id='word_1_339' title='bbox 1642 4781 1884 4869; x_wconf 83' lang='lat' dir='ltr'>secundum</span> 
     </span>
     <span class='ocr_line' id='line_1_39' title="bbox 165 4898 1571 5036; baseline -0.004 -24"><span class='ocrx_word' id='word_1_340' title='bbox 165 4929 305 5036; x_wconf 92' lang='lat' dir='ltr'>pillis,</span> <span class='ocrx_word' id='word_1_341' title='bbox 340 4927 490 5032; x_wconf 86' lang='lat' dir='ltr'>egenis</span> <span class='ocrx_word' id='word_1_342' title='bbox 528 4925 880 5033; x_wconf 82' lang='lat' dir='ltr'>quibuscumque</span> <span class='ocrx_word' id='word_1_343' title='bbox 910 4948 1000 5008; x_wconf 93' lang='lat' dir='ltr'>non</span> <span class='ocrx_word' id='word_1_344' title='bbox 1360 4898 1571 4983; x_wconf 66' lang='lat' dir='ltr'>Marem</span> 
     </span>
     <span class='ocr_line' id='line_1_40' title="bbox 165 5021 1805 5150; baseline -0.001 -22"><span class='ocrx_word' id='word_1_345' title='bbox 165 5041 369 5150; x_wconf 84' lang='lat' dir='ltr'>corporis</span> <span class='ocrx_word' id='word_1_346' title='bbox 413 5050 585 5128; x_wconf 87' lang='lat' dir='ltr'>tantum</span> <span class='ocrx_word' id='word_1_347' title='bbox 628 5039 710 5125; x_wconf 91' lang='lat' dir='ltr'>sed</span> <span class='ocrx_word' id='word_1_348' title='bbox 753 5049 799 5124; x_wconf 91' lang='lat' dir='ltr'>et</span> <span class='ocrx_word' id='word_1_349' title='bbox 843 5036 999 5121; x_wconf 88' lang='lat' dir='ltr'>animae</span> <span class='ocrx_word' id='word_1_350' title='bbox 1134 5029 1286 5114; x_wconf 82' lang='lat' dir='ltr'>Lectio</span> <span class='ocrx_word' id='word_1_351' title='bbox 1306 5027 1376 5110; x_wconf 90' lang='lat' dir='ltr'>vii.</span> <span class='ocrx_word' id='word_1_352' title='bbox 1650 5021 1805 5126; x_wconf 64' lang='lat' dir='ltr'>Capu.</span> 
     </span>
     <span class='ocr_line' id='line_1_41' title="bbox 165 5138 1884 5264; baseline -0.01 -22"><span class='ocrx_word' id='word_1_353' title='bbox 165 5155 377 5264; x_wconf 77' lang='lat' dir='ltr'>praesidia</span> <span class='ocrx_word' id='word_1_354' title='bbox 414 5152 748 5263; x_wconf 88' lang='lat' dir='ltr'>suppeditabat;</span> <span class='ocrx_word' id='word_1_355' title='bbox 793 5149 908 5236; x_wconf 89' lang='lat' dir='ltr'>adeo</span> <span class='ocrx_word' id='word_1_356' title='bbox 952 5161 1001 5236; x_wconf 92' lang='lat' dir='ltr'>ut</span> <span class='ocrx_word' id='word_1_357' title='bbox 1098 5144 1212 5230; x_wconf 95' lang='lat' dir='ltr'>nillo</span> <span class='ocrx_word' id='word_1_358' title='bbox 1221 5148 1438 5252; x_wconf 89' lang='lat' dir='ltr'>tempore:</span> <span class='ocrx_word' id='word_1_359' title='bbox 1451 5143 1596 5244; x_wconf 91' lang='lat' dir='ltr'>Quum</span> <span class='ocrx_word' id='word_1_360' title='bbox 1607 5138 1738 5226; x_wconf 88' lang='lat' dir='ltr'>turba</span> <span class='ocrx_word' id='word_1_361' title='bbox 1746 5138 1884 5225; x_wconf 91' lang='lat' dir='ltr'>multa</span> 
     </span>
     <span class='ocr_line' id='line_1_42' title="bbox 166 5252 1885 5379; baseline -0.012 -23"><span class='ocrx_word' id='word_1_362' title='bbox 166 5269 420 5379; x_wconf 82' lang='lat' dir='ltr'>complures</span> <span class='ocrx_word' id='word_1_363' title='bbox 466 5268 734 5354; x_wconf 85' lang='lat' dir='ltr'>evitiorum</span> <span class='ocrx_word' id='word_1_364' title='bbox 779 5288 907 5351; x_wconf 89' lang='lat' dir='ltr'>coeno</span> <span class='ocrx_word' id='word_1_365' title='bbox 943 5262 1002 5347; x_wconf 89' lang='lat' dir='ltr'>ad</span> <span class='ocrx_word' id='word_1_366' title='bbox 1117 5269 1235 5346; x_wconf 88' lang='lat' dir='ltr'>esset</span> <span class='ocrx_word' id='word_1_367' title='bbox 1269 5284 1370 5343; x_wconf 90' lang='lat' dir='ltr'>cum</span> <span class='ocrx_word' id='word_1_368' title='bbox 1400 5256 1426 5341; x_wconf 88' lang='lat' dir='ltr'>J</span> <span class='ocrx_word' id='word_1_369' title='bbox 1428 5281 1524 5356; x_wconf 89' lang='lat' dir='ltr'>esu,</span> <span class='ocrx_word' id='word_1_370' title='bbox 1559 5279 1640 5341; x_wconf 88' lang='lat' dir='ltr'>nec</span> <span class='ocrx_word' id='word_1_371' title='bbox 1670 5252 1885 5339; x_wconf 89' lang='lat' dir='ltr'>haberent</span> 
     </span>
     <span class='ocr_line' id='line_1_43' title="bbox 167 5363 1883 5481; baseline -0.012 -13"><span class='ocrx_word' id='word_1_372' title='bbox 167 5388 347 5470; x_wconf 87' lang='lat' dir='ltr'>aeternae</span> <span class='ocrx_word' id='word_1_373' title='bbox 381 5379 667 5468; x_wconf 81' lang='lat' dir='ltr'>beatitudinis</span> <span class='ocrx_word' id='word_1_374' title='bbox 705 5377 901 5464; x_wconf 80' lang='lat' dir='ltr'>stadium</span> <span class='ocrx_word' id='word_1_375' title='bbox 935 5401 1000 5461; x_wconf 90' lang='lat' dir='ltr'>re·</span> <span class='ocrx_word' id='word_1_376' title='bbox 1054 5371 1174 5481; x_wconf 92' lang='lat' dir='ltr'>quod</span> <span class='ocrx_word' id='word_1_377' title='bbox 1191 5370 1523 5471; x_wconf 87' lang='lat' dir='ltr'>manducarent,</span> <span class='ocrx_word' id='word_1_378' title='bbox 1546 5367 1803 5454; x_wconf 89' lang='lat' dir='ltr'>convocatis</span> <span class='ocrx_word' id='word_1_379' title='bbox 1822 5363 1883 5449; x_wconf 93' lang='lat' dir='ltr'>di·</span> 
     </span>
     <span class='ocr_line' id='line_1_44' title="bbox 167 5480 1885 5600; baseline -0.011 -20"><span class='ocrx_word' id='word_1_380' title='bbox 167 5501 361 5583; x_wconf 78' lang='lat' dir='ltr'>vocaret</span> <span class='ocrx_word' id='word_1_381' title='bbox 389 5497 534 5600; x_wconf 91' lang='lat' dir='ltr'>Quum</span> <span class='ocrx_word' id='word_1_382' title='bbox 547 5493 645 5582; x_wconf 88' lang='lat' dir='ltr'>dira</span> <span class='ocrx_word' id='word_1_383' title='bbox 659 5493 798 5579; x_wconf 84' lang='lat' dir='ltr'>sames</span> <span class='ocrx_word' id='word_1_384' title='bbox 813 5490 872 5579; x_wconf 94' lang='lat' dir='ltr'>ob</span> <span class='ocrx_word' id='word_1_385' title='bbox 887 5516 1000 5575; x_wconf 91' lang='lat' dir='ltr'>sum·</span> <span class='ocrx_word' id='word_1_386' title='bbox 1053 5485 1248 5595; x_wconf 88' lang='lat' dir='ltr'>scipulis,</span> <span class='ocrx_word' id='word_1_387' title='bbox 1282 5485 1344 5570; x_wconf 89' lang='lat' dir='ltr'>ait</span> <span class='ocrx_word' id='word_1_388' title='bbox 1372 5483 1475 5568; x_wconf 90' lang='lat' dir='ltr'>illis:</span> <span class='ocrx_word' id='word_1_389' title='bbox 1504 5480 1719 5567; x_wconf 87' lang='lat' dir='ltr'>Misereor</span> <span class='ocrx_word' id='word_1_390' title='bbox 1751 5501 1885 5585; x_wconf 89' lang='lat' dir='ltr'>super</span> 
     </span>
     <span class='ocr_line' id='line_1_45' title="bbox 167 5595 1522 5704; baseline -0.013 -8"><span class='ocrx_word' id='word_1_391' title='bbox 167 5635 284 5696; x_wconf 88' lang='lat' dir='ltr'>mam</span> <span class='ocrx_word' id='word_1_392' title='bbox 328 5613 515 5696; x_wconf 83' lang='lat' dir='ltr'>annenae</span> <span class='ocrx_word' id='word_1_393' title='bbox 560 5608 789 5695; x_wconf 89' lang='lat' dir='ltr'>caritatem</span> <span class='ocrx_word' id='word_1_394' title='bbox 824 5602 1001 5690; x_wconf 86' lang='lat' dir='ltr'>Xeresii</span> <span class='ocrx_word' id='word_1_395' title='bbox 1052 5601 1239 5689; x_wconf 89' lang='lat' dir='ltr'>turbam.</span> <span class='ocrx_word' id='word_1_396' title='bbox 1264 5598 1323 5685; x_wconf 84' lang='lat' dir='ltr'>Et</span> <span class='ocrx_word' id='word_1_397' title='bbox 1340 5595 1522 5704; x_wconf 87' lang='lat' dir='ltr'>reliqua.</span> 
     </span>
    </p>
   </div>
   <div class='ocr_carea' id='block_1_4' title="bbox 269 5851 1677 5963">
    <p class='ocr_par' dir='ltr' id='par_1_4' title="bbox 269 5851 1677 5963">
     <span class='ocr_line' id='line_1_46' title="bbox 269 5851 1677 5963; baseline 0.004 -16"><span class='ocrx_word' id='word_1_398' title='bbox 269 5897 364 5963; x_wconf 79' lang='lat' dir='ltr'>Propr.</span> <span class='ocrx_word' id='word_1_399' title='bbox 373 5895 479 5948; x_wconf 75' lang='lat' dir='ltr'>Archld.</span> <span class='ocrx_word' id='word_1_400' title='bbox 488 5895 623 5962; x_wconf 76' lang='lat' dir='ltr'>Hlnpelen.</span> <span class='ocrx_word' id='word_1_401' title='bbox 637 5895 668 5946; x_wconf 83' lang='lat' dir='ltr'>P.</span> <span class='ocrx_word' id='word_1_402' title='bbox 677 5894 786 5946; x_wconf 74' lang='lat' dir='ltr'>AE&#39;atln.</span> <span class='ocrx_word' id='word_1_403' title='bbox 1633 5851 1677 5922; x_wconf 59' lang='grc'>1.</span> 
     </span>
    </p>
   </div>
   <div class='ocr_carea' id='block_1_5' title="bbox 0 0 2196 6196">
    <p class='ocr_par' dir='ltr' id='par_1_5' title="bbox 0 0 2196 6196">
     <span class='ocr_line' id='line_1_47' title="bbox 0 0 2196 6196; baseline 0 0"><span class='ocrx_word' id='word_1_404' title='bbox 0 0 2196 6196; x_wconf 95' lang='lat' dir='ltr'> </span> 
     </span>
    </p>
   </div>
  </div>
 </body>
</html>
