4402 6190
835 517 950 586 Festa
974 515 1162 584 Octobris,
1188 517 1272 600 (30.)

515 712 666 794 Lectio
686 739 723 792 v.
1081 708 1243 792 sarium
1275 706 1394 814 quod
1426 711 1630 809 vocetur,
1665 707 1710 792 in
1741 704 1907 794 deliciis

148 878 151 879 f
284 821 439 908 ametsi
465 822 605 932 invia
629 822 913 933 perfectionis
939 832 1031 909 tam
1081 820 1234 906 hebuit
1266 818 1399 925 odeo,
1435 832 1485 907 ut
1519 821 1576 907 ab
1608 820 1784 907 assidua
1817 822 1908 926 ejus

319 938 495 1023 strenue
546 936 913 1047 progrediebatur
955 935 1029 1022 Al·
1081 935 1430 1022 contrectatione
1453 934 1612 1020 callum
1630 934 1908 1021 contraxerit.

200 1048 416 1154 phonsus,
445 1075 534 1156 quo
560 1051 731 1137 firmius
756 1059 904 1136 tamen
931 1049 1028 1136 Deo
1081 1047 1178 1150 Qua
1195 1043 1306 1133 'vero
1330 1048 1374 1133 in
1392 1049 1535 1134 Deum
1561 1047 1777 1152 flagrabat
1802 1047 1907 1134 cari·

201 1161 468 1265 adhaereret,
503 1162 560 1250 de
591 1163 797 1269 religioso
828 1163 1028 1251 instituto
1079 1164 1186 1262 tete,
1210 1159 1343 1247 ardor
1362 1161 1561 1247 alebetur
1580 1185 1668 1267 quo
1685 1161 1907 1269 proximo·

200 1275 1029 1496 illitttttttttltttto
1079 1272 1907 1496 letetttfftltluldllttt·

201 1499 427 1606 quoddam
444 1503 596 1589 vocari
620 1528 669 1589 se
687 1502 745 1589 ad
761 1503 1029 1589 Societdtem
1079 1499 1174 1601 bat,
1211 1500 1459 1608 praesertim
1491 1500 1821 1587 adventontium
1850 1500 1908 1588 ad

199 1612 306 1699 Jesu
328 1615 632 1719 intellexisset,
660 1617 799 1703 enixis
822 1616 1028 1723 precibus
1080 1612 1266 1717 Collegii
1292 1615 1483 1719 januam,
1515 1615 1637 1719 cujus
1663 1639 1745 1721 per
1769 1639 1908 1702 annos

200 1752 226 1810 a
243 1728 493 1837 Praeposito
515 1729 758 1838 provinciae
775 1729 1029 1837 impetrovit
1080 1725 1268 1835 emplius
1292 1727 1473 1831 triginta
1489 1726 1821 1834 patientissimae
1840 1753 1908 1813 ca·

90 1839 96 1850 '
199 1849 265 1942 ut,
289 1866 372 1949 pro
398 1867 452 1930 eo
480 1842 600 1950 quod
624 1869 780 1952 parum
804 1843 851 1927 in
868 1842 1028 1929 litteris
1079 1839 1219 1926 ritdtis
1247 1840 1449 1948 exemplo
1478 1849 1628 1928 custos
1655 1840 1745 1926 nit.
1797 1841 1909 1926 Tam

199 1953 479 2060 profecisset,
506 1955 550 2040 in
576 1955 783 2042 homilem
810 1953 1028 2062 sodolium
1078 1953 1227 2040 multis
1250 1953 1412 2041 divinae
1437 1954 1590 2060 grotiae
1616 1953 1775 2060 opibus
1799 1954 1907 2041 dito·

201 2065 451 2170 adjutorum
491 2067 678 2173 gradum
717 2070 1028 2158 admitteretur.
1078 2076 1150 2152 tus
1177 2066 1235 2153 ad
1263 2072 1505 2155 extremum
1531 2067 1634 2152 vitae
1661 2066 1909 2172 deveniens,

199 2179 251 2262 In
275 2178 350 2264 illa
372 2181 591 2286 religiosae
617 2183 719 2268 vitae
743 2183 950 2291 palaestra
973 2209 1027 2271 eo
1080 2181 1249 2266 enixius
1263 2181 1468 2268 invocato
1482 2181 1659 2267 nomine
1668 2181 1775 2266 Jesu
1787 2206 1907 2289 pres-

201 2291 476 2400 splendidius
503 2299 595 2400 ejus
623 2296 800 2384 eluxere
827 2297 1028 2385 virtutes:
1079 2298 1228 2400 sisque
1254 2293 1313 2380 ad
1336 2296 1428 2402 ejus
1452 2293 1641 2399 effigiem
1663 2292 1808 2398 lobiis,
1832 2294 1908 2381 ob·

199 2406 310 2491 mira
329 2407 375 2491 in
396 2408 549 2514 primis
568 2408 789 2496 humilitas
814 2418 859 2496 et
879 2409 1027 2498 obedi·
1080 2406 1286 2494 dormivit
1307 2409 1352 2492 in
1374 2408 1585 2509 Domino,
1609 2408 1786 2495 ineunte
1810 2434 1907 2519 per·

200 2521 333 2622 entia,
356 2521 424 2606 sui
447 2523 585 2629 ipsius
604 2532 648 2608 et
665 2524 815 2610 mundi
835 2527 1026 2611 contem·
1078 2519 1228 2627 vigilio
1272 2521 1531 2608 Sanctorum
1575 2522 1786 2622 omnium,
1837 2547 1907 2607 an·

198 2641 313 2742 ptus,
331 2635 541 2721 orationis
556 2635 762 2739 stodium,
781 2662 905 2722 amor
922 2662 1026 2744 pau·
1078 2658 1326 2739 numagens
1337 2633 1908 2743 octogesimumseptimum.

16 2734 24 2751 '
198 2747 397 2852 penatis.
434 2747 639 2836 Castiteti
656 2747 898 2851 servanda,
915 2775 1027 2858 prae-
1077 2744 1192 2831 Eum
1224 2773 1250 2832 a
1276 2748 1426 2834 Leone
1454 2747 1721 2834 duodecimo
1749 2749 1906 2836 Beato·

198 2869 267 2944 ter
293 2863 499 2946 sensuum
531 2860 797 2965 custodiam,
827 2863 1028 2973 corporis
1079 2886 1175 2946 rum
1201 2860 1327 2947 fastis
1354 2860 1641 2969 adscriptum,
1672 2861 1765 2947 Leo
1793 2862 1906 2949 deci-

200 2971 763 3074 afflictationem'adhibere
786 3001 875 3062 non
899 2977 1026 3063 inter·
1078 3000 1176 3059 mus
1200 2974 1355 3060 tertius
1378 2999 1492 3060 anno
1516 2973 1747 3061 millesimo
1774 2976 1907 3062 octin-

199 3085 328 3171 misit.
366 3087 452 3174 Per
477 3112 616 3174 annos
635 3090 825 3198 emplius
844 3090 1027 3197 quadra·
1078 3088 1321 3192 gentesimo
1335 3089 1608 3193 octogesimo
1624 3093 1794 3195 octovo,
1809 3116 1908 3176 cum

199 3200 321 3301 ginta
338 3200 608 3304 gravissimis
624 3201 955 3288 infirmititibus
967 3203 1027 3286 in·
1079 3201 1212 3287 Petro
1240 3201 1396 3288 Claver
1423 3202 1495 3286 cui
1520 3202 1781 3308 capessendi
1803 3228 1906 3312 apo·

199 3313 317 3397 victa
359 3313 572 3419 patientia
606 3315 806 3401 toleretis
841 3316 1028 3400 accessit
1080 3314 1267 3399 stolotus
1295 3327 1449 3402 auctor
1475 3315 1619 3401 iderat
1642 3315 1907 3424 Alphonsus

199 3422 415 3511 malorum
460 3425 711 3514 daemonum
745 3427 948 3513 immonis
983 3428 1028 3511 in
1080 3427 1276 3513 coelitum
1293 3426 1554 3514 Sanctorum
1576 3426 1816 3515 honoribus
1835 3454 1906 3515 au·

202 3561 302 3622 eum
319 3537 440 3624 furor
458 3549 503 3625 et
519 3565 677 3647 pugna
703 3540 870 3626 Eorum
882 3550 1029 3627 tamen
1079 3541 1155 3626 xit.
1212 3551 1262 3652 ll.
1284 3541 1375 3628 Iste
1392 3541 1537 3627 homo.

200 3653 391 3781 impetus
418 3664 463 3738 et
489 3662 611 3786 astus
637 3653 904 3740 beatissimae
930 3653 1027 3739 Vir·
1309 3712 1358 3792 In
1378 3713 1438 3792 HI
1472 3711 1530 3792 110
1534 3717 1692 3790 emmo·

200 3767 1028 3982 fflfiodffifiefflffeffifflffldssff
1084 3845 1237 3932 Lectio
1257 3845 1397 3931 sancti
1415 3847 1642 3953 Evangelii
1665 3848 1906 3936 secundum

201 4013 283 4095 per
300 4014 353 4076 ac
369 3994 586 4098 protrivit.
1266 4009 1282 4102 ζ
1364 4085 1388 4101 „
1404 3959 1579 4046 Lucam·

260 4103 310 4207 R,
330 4103 509 4192 Amavit
527 4131 638 4193 eum,
1162 4085 1314 4168 Lectio
1335 4113 1402 4166 vn.
1601 4083 1704 4186 Cup.
1720 4085 1776 4163 12.
1792 4079 1830 4163 d.

506 4211 657 4298 Lectio
678 4213 729 4294 vi.
1079 4192 1156 4409 In
1174 4200 1250 4288 illo
1266 4203 1624 4310 temporezDixit
1637 4205 1765 4291 Jesus
1780 4205 1906 4291 disci·

209 4316 477 4528 Rdssimae
497 4332 882 4438 contemplationis
900 4330 1028 4431 dono,
1152 4315 1269 4424 puliS
1293 4315 1573 4449 ⁸¹1582‚N⁰lst0
1593 4318 1750 4450 fimes?
1775 4319 1907 4452 puell:

312 4447 528 4553 peppssma
551 4470 651 4533 cum
674 4447 772 4533 Deo
798 4453 1027 4534 consuesti.
1079 4429 1148 4514 lUS
1182 4453 1308 4533 grex,
1351 4455 1452 4536 qula
1487 4431 1754 4538 COmpldCUlt
1788 4435 1908 4520 Patrl

203 4556 322 4662 dine,
345 4558 390 4642 in
416 4584 548 4666 quem
570 4558 820 4646 abstractus
844 4585 870 4644 a
894 4561 1028 4646 sensi.
1079 4554 1229 4674 vestro
1252 4539 1359 4628 dare
1380 4542 1508 4629 vobis
1532 4567 1726 4648 regnum.
1763 4545 1821 4631 Et
1844 4549 1907 4632 re·

201 4671 290 4760 bus.
303 4695 424 4779 saepe
441 4671 757 4780 reperiebotur,
780 4671 1029 4779 prophetiae
1080 4657 1211 4763 hqua

202 4785 368 4894 spiritu
386 4786 661 4873 curationum
678 4785 830 4889 gretia,
854 4784 1028 4874 divinis·
1169 4785 1358 4873 Homilia
1383 4786 1660 4874 Venerobilis
1683 4787 1822 4875 Bedae

204 4923 289 5004 que
312 4895 409 4982 eliis
431 4898 705 4984 charismatis
724 4899 910 4984 emicuit
953 4899 1028 4984 Ni·
1361 4900 1623 5010 Presbyteri

201 5009 264 5096 hil
280 5010 322 5096 ei
340 5009 566 5115 jucundius
585 5035 718 5117 quam
735 5011 882 5099 Missae
900 5037 1029 5100 sacro
1225 5020 1305 5090 Lib·
1322 5021 1351 5089 t.
1369 5019 1461 5106 Cap.
1477 5021 1528 5088 tu.
1549 5019 1585 5086 in
1609 5019 1694 5088 tue.
1715 5017 1762 5086 12.

201 5124 432 5227 inservire;
469 5148 571 5232 quo·
591 5128 791 5232 tempore
827 5125 1028 5213 Christus
1226 5127 1370 5214 sillum
1380 5154 1559 5235 gregem
1573 5128 1822 5233 electorum,
1836 5132 1907 5218 vel

201 5237 227 5320 J
228 5263 328 5326 esus
363 5237 404 5326 ei
439 5262 487 5323 se
523 5237 757 5345 aliquoties
791 5237 1028 5326 videndum
1222 5239 1280 5328 ob
1322 5242 1696 5350 comparationem
1731 5245 1907 5349 majoris

203 5349 373 5439 obtudit.
412 5351 629 5457 Singulori
652 5357 756 5455 'erga
777 5352 1028 5458 Deiparam,
1108 5437 1111 5444 ,
1220 5354 1391 5439 nomeri
1411 5356 1717 5462 reproborum,
1740 5357 1811 5444 vel
1828 5363 1905 5464 po·

202 5465 382 5570 ejusque
425 5468 649 5572 praecipue
694 5464 1028 5572 conceptionem
1079 5465 1166 5552 tius
1210 5466 1270 5553 ob
1318 5466 1576 5555 humilitatis
1625 5467 1906 5556 devotionem

201 5576 540 5680 immaculotam
559 5576 724 5684 pietate
742 5575 941 5680 affectus,
958 5602 1027 5665 ro·
1078 5579 1288 5668 nominat:
1313 5581 1415 5687 quia
1436 5580 1642 5668 videlicet
1662 5582 1906 5670 Ecclesiam

304 5858 732 5928 nussum-„nnuman
1679 5846 1700 5912 3
