4322 6182
305 507 373 585 34*
566 521 710 604 Quarta
735 519 796 588 die
821 518 920 587 infra
945 517 1024 588 Oct.
1050 517 1255 588 Commem.
1280 515 1482 585 Passionis
1506 515 1551 584 D.
1575 515 1620 584 N.
1645 515 1678 585 J.
1703 513 1743 584 C.

307 700 465 809 quibus
482 701 669 806 gloriota
682 697 753 784 es?
780 695 850 782 Tu
868 705 1025 798 autem,
1043 695 1132 779 Do·
1284 706 1436 788 Lectio
1456 705 1512 786 iii.
1669 701 1902 809 Cap.18.b.

306 815 438 916 mine,
472 811 785 900 demonstrasti
815 807 921 894 mihi
954 819 998 895 et
1031 833 1131 913 cog·
1265 817 1333 902 uis
1355 815 1523 904 audivit
1535 817 1642 903 tolia
1654 813 1892 916 horribilia,
1911 839 2014 921 quae

304 929 427 1031 novi:
459 935 566 1013 tunc
596 925 827 1013 ostendisti
853 923 959 1007 mihi
985 923 1132 1009 stodia
1293 931 1396 1016 iecit
1412 929 1541 1015 nimis
1559 930 1684 1034 virgo
1703 924 1863 1013 Israel?
1900 927 2015 1030 Quia

304 1046 468 1128 eorum.
507 1041 566 1125 Et
593 1065 676 1146 ego
703 1039 829 1147 quasi
853 1063 992 1143 agnus
1015 1062 1132 1122 man·
1184 1044 1347 1132 oblitus
1366 1054 1432 1130 est
1450 1043 1538 1129 mei
1555 1041 1748 1151 populus
1765 1066 1902 1142 meus,
1926 1040 2014 1124 fru-

304 1159 470 1256 suetus,
495 1155 569 1262 qui
593 1157 797 1262 portetur
816 1151 873 1237 ad
897 1152 1132 1237 victimam:
1184 1166 1275 1244 stra
1288 1157 1487 1256 libentes,
1507 1165 1552 1241 et
1564 1156 1857 1263 impingentes
1871 1153 1917 1236 in
1930 1152 2014 1236 viis

304 1277 349 1355 et
370 1293 460 1354 non
477 1267 683 1370 cognovi,
707 1267 811 1374 quia
828 1265 1133 1370 cogitaverunt
1183 1271 1292 1373 suis,
1313 1271 1359 1354 in
1376 1269 1543 1355 semitis
1561 1267 1728 1369 seculi,
1752 1279 1801 1354 ut
1820 1266 2014 1353 ambulat·

303 1406 436 1489 super
453 1407 524 1468 me
544 1378 726 1467 consilia
750 1377 961 1465 dicentes:
986 1377 1131 1462 Mitte·
1183 1394 1280 1469 rent
1306 1408 1386 1492 per
1413 1409 1488 1468 eas
1514 1383 1561 1466 in
1591 1382 1747 1467 itinere
1775 1406 1865 1466 non
1895 1380 2015 1464 trito.

303 1520 401 1579 mua
419 1493 586 1599 lignum
608 1494 651 1576 in
666 1518 827 1600 panem
846 1494 952 1597 ejus,
978 1501 1022 1577 et
1041 1516 1131 1576 era·
1182 1497 1240 1583 Et
1265 1497 1487 1582 dixerunt:
1513 1496 1674 1582 Venite
1699 1504 1744 1580 et
1768 1493 2015 1598 cogitemus

304 1608 461 1694 demus
480 1633 581 1692 eum
599 1606 655 1692 de
674 1614 792 1691 terra
810 1605 1063 1708 viventium,
1088 1614 1132 1690 et
1183 1621 1337 1697 contra
1350 1611 1375 1695 J
1376 1615 1583 1696 eremiam
1598 1609 1905 1713 cogitationes:
1924 1631 2015 1691 non

303 1746 466 1807 nomen
501 1722 593 1825 eius
623 1743 713 1803 non
743 1721 1012 1803 memoretur
1044 1722 1131 1802 om·
1183 1721 1853 1832 enimperrbitlexasacerdote,
1867 1745 2015 1827 neque

302 1834 431 1944 plius.
464 1835 534 1917 Tu
552 1841 698 1917 autem
717 1831 906 1916 Domine
923 1829 1131 1932 Sebaoth,
1183 1837 1413 1923 consilium
1435 1863 1461 1922 a
1484 1837 1698 1944 sapiente,
1719 1862 1803 1922 nec
1822 1859 1968 1919 sermo
1989 1859 2016 1918 a

304 1948 380 2055 qui
401 1945 567 2053 judicas
592 1947 720 2051 juste,
746 1953 790 2030 et
813 1943 979 2052 probas
1003 1968 1132 2030 renes
1181 1950 1421 2057 propheta:
1452 1948 1612 2035 Venite
1641 1959 1685 2034 et
1714 1949 2015 2057 percutiemus

303 2070 348 2146 et
375 2059 531 2160 corda,
562 2056 737 2145 videam
767 2060 981 2145 ultionem
1010 2066 1132 2143 tuam
1183 2087 1283 2149 eum
1301 2063 1461 2167 lingua,
1485 2073 1531 2148 et
1551 2088 1639 2148 non
1658 2061 1936 2148 attendemus
1957 2058 2017 2146 ad

303 2200 358 2261 ex
382 2173 462 2277 eis:
487 2173 569 2259 tibi
596 2174 711 2258 enim
734 2172 927 2260 revelovi
954 2195 1133 2257 causam
1182 2175 1411 2262 universos
1430 2180 1657 2262 sermones
1677 2177 1778 2282 ejus.
1808 2170 2015 2276 Attende,

300 2313 456 2374 meam.
483 2288 725 2395 Propterea
742 2285 839 2371 haeo
857 2284 963 2371 dicit
980 2284 1130 2369 Domi·
1182 2289 1383 2392 Domine,
1405 2289 1463 2375 ad
1480 2315 1561 2392 me,
1581 2299 1625 2376 et
1643 2286 1747 2374 audi
1765 2314 1923 2374 vocem
1940 2285 2016 2373 ad·

300 2427 383 2486 nus
403 2403 689 2485 exercituum:
707 2400 824 2485 Ecce
843 2423 925 2502 ego
941 2396 1132 2482 visitobo
1183 2397 1478 2488 versariorum
1522 2406 1733 2488 meorum.
1785 2401 2017 2508 Numquid

303 2538 436 2620 super
467 2537 564 2597 eos:
598 2513 777 2617 juvenes
812 2510 1053 2595 morientur
1087 2510 1133 2593 in
1183 2515 1381 2601 redditur
1399 2541 1482 2624 pro
1502 2516 1622 2601 bono
1637 2515 1810 2617 malum,
1831 2515 1933 2622 quia
1952 2514 2015 2599 fo·

302 2625 469 2730 glodi0,
496 2624 575 2708 fssii
602 2629 755 2710 eorum
780 2637 825 2710 et
849 2622 952 2708 filiae
981 2627 1133 2708 corum
1184 2628 1343 2714 derunt
1367 2629 1541 2715 foveam
1569 2630 1726 2714 onimae
1754 2627 1888 2714 meae?
1929 2629 2016 2714 Re·

302 2738 544 2826 morientur
579 2738 784 2824 infame.
831 2736 890 2823 Et
934 2735 1132 2842 reliquiae
1184 2741 1385 2842 cordore,
1411 2741 1532 2848 quod
1551 2743 1749 2828 steterim
1766 2743 1811 2827 in
1829 2747 2015 2853 conspe-

303 2877 393 2937 non
420 2860 547 2937 erunt
573 2877 628 2937 ex
655 2852 731 2937 eis.
1184 2863 1258 2940 ctu
1271 2863 1361 2956 tuo,
1379 2863 1430 2938 ut
1442 2853 1648 2961 loquerer
1662 2880 1745 2962 pro
1760 2856 1823 2940 eis
1837 2856 2016 2960 bonum,

352 2975 404 3078 It.
431 2964 575 3050 Vinea
592 2991 701 3051 mea.
725 2964 806 3048 28*
1185 2977 1230 3053 et
1255 2970 1498 3053 averterem
1524 2968 1867 3073 indignationem
1892 2978 2017 3055 tuam

378 3087 532 3172 Lectio
551 3088 591 3168 ii.
820 3085 924 3190 Cap.
939 3085 995 3166 17.
1009 3082 1049 3167 b.
1184 3078 1241 3165 ab
1268 3081 1342 3166 eis.
1394 3080 1463 3165 Tu
1494 3093 1657 3183 autem,
1688 3083 1893 3183 Domine,
1928 3083 2017 3168 scis

384 3191 633 3299 aspectotio
660 3189 816 3290 Israel,
848 3190 1055 3275 Domine:
1087 3215 1131 3274 o·
1184 3218 1315 3278 omne
1344 3193 1576 3280 consilium
1603 3197 1756 3280 eorum
1779 3192 2017 3280 adversum

406 3329 543 3407 mnes,
559 3303 689 3411 quite
699 3302 1017 3409 derelinquunt,
1032 3327 1132 3388 con·
1184 3334 1255 3393 me
1272 3307 1535 3394 mmortem.
1866 3321 1873 3332 '

304 3416 553 3504 fundentur:
571 3413 828 3502 recedentes
847 3440 873 3498 a
890 3425 935 3500 te
952 3415 997 3499 in
1015 3425 1134 3500 terra
1234 3437 1285 3539 lp,
1313 3432 1411 3536 Ego
1429 3441 1686 3539 propterte,
1712 3432 1794 3515 29*

305 3531 568 3617 scribentur:
584 3530 791 3636 quoniam
805 3525 1134 3635 dereliquerunt
1414 3601 1433 3680 Ι
1481 3597 1586 3680 HN
1638 3597 1656 3676 t

303 3670 461 3731 venam
479 3648 693 3751 aquorum
711 3641 965 3744 viventium,
984 3641 1133 3726 Domi·
1435 3625 1464 3680 Π
1524 3660 1532 3676 ·
1570 3623 1635 3746 ,⁰⁰
1658 3620 1774 3751 ΨΒ·
1906 3725 1915 3744 ,

303 3784 418 3842 num.
459 3756 575 3842 sana
597 3781 685 3858 me,
710 3755 916 3856 Domine,
942 3763 987 3839 et
1012 3758 1133 3837 sana·
1269 3735 1424 3816 sermo
1443 3737 1582 3813 sance
1601 3726 1755 3811 saum
1772 3726 1929 3830 Magni.

304 3869 405 3972 bor:
426 3870 595 3955 salvum
612 3895 684 3955 me
702 3869 786 3969 iac,
810 3877 855 3952 et
873 3866 1020 3951 salvus
1039 3891 1133 3969 ero:
1342 3845 1846 3987 1nPsu1m.4s.artvers.8.

306 3982 513 4089 quoniam
530 3981 627 4067 laus
643 3990 886 4066 meatues.
916 3980 1032 4065 Ecce
1050 3980 1134 4087 ipsi
1481 3972 1707 4056 Leetlorv·

306 4093 457 4181 dicunt
476 4093 533 4178 ad
551 4120 636 4179 me:
654 4093 742 4180 Ubi
760 4103 829 4180 est
847 4093 1031 4179 verbum
1044 4095 1132 4178 Do·
1229 4089 1389 4193 nsum
1416 4091 1529 4176 tanti
1554 4100 1705 4197 potest
1731 4089 1865 4176 homo
1897 4091 2015 4174 inve·

305 4204 436 4291 mini?
486 4207 659 4292 Veniat.
710 4207 768 4291 Et
799 4231 881 4310 ego
913 4232 1002 4291 non
1037 4231 1134 4291 sum
1306 4268 1308 4275 Α
1330 4207 1434 4304 nire,
1453 4214 1502 4290 ut
1520 4203 1596 4289 det
1613 4228 1697 4312 pro
1711 4203 2016 4309 redemptione

306 4317 523 4420 turbetus,
547 4329 591 4404 te
614 4323 841 4427 pastorem
859 4344 1064 4425 sequens:
1090 4330 1135 4405 et
1207 4324 1210 4327 ‘
1297 4330 1304 4343 ”
1332 4317 1489 4402 enimse
1517 4314 1634 4402 suae?
1679 4315 1929 4403 Sedunum
1954 4319 2015 4399 in·

307 4434 424 4519 diem
449 4433 640 4518 hominis
664 4457 754 4517 non
785 4431 1054 4532 desiderovi,
1085 4443 1134 4516 tu
1186 4437 1365 4518 ventum
1383 4444 1450 4517 est
1467 4456 1549 4538 pro
1569 4431 1771 4516 omnibus
1790 4431 1918 4514 simul
1935 4428 2014 4516 ho·

307 4547 404 4633 sois.
447 4547 577 4651 Quod
598 4551 823 4651 egressum
846 4556 915 4631 est
933 4545 989 4630 de
1006 4545 1134 4630 lobiis
1185 4544 1373 4631 minibus
1387 4542 1813 4646 sufficientissimum,
1833 4542 1953 4650 quod
1970 4544 2016 4626 in

305 4663 426 4761 meis,
444 4671 614 4747 rectum
632 4660 676 4744 in
691 4662 934 4767 conspectu
952 4668 1029 4744 tuo
1044 4659 1134 4743 fuit
1185 4659 1375 4766 pretium
1404 4657 1721 4764 redemptionis
1752 4657 1909 4743 onimae
1938 4683 2015 4742 no·

304 4772 407 4858 Non
438 4775 499 4858 sis
531 4786 580 4859 tu
613 4773 720 4857 mihi
755 4771 995 4873 formidini,
1030 4795 1135 4878 spes
1186 4782 1290 4857 strae
1323 4770 1475 4856 datum
1508 4781 1587 4856 est.
1639 4769 1825 4857 Sanctus
1857 4769 1932 4855 ille
1963 4795 2017 4855 ac

305 4911 404 4970 mea
428 4896 477 4972 tu
494 4886 539 4970 in
559 4887 629 4972 die
649 4885 913 4971 afflictionis.
948 4883 1133 4968 Confun·
1185 4884 1407 4991 pretiosus
1448 4884 1625 4990 sanguis
1662 4883 1840 4969 Domini
1875 4883 2017 4969 nostri

308 4997 497 5102 dantur„
518 5001 593 5108 qui
623 5024 694 5084 me
718 5003 1060 5106 persequuntur,
1091 5005 1135 5083 et
1185 4996 1211 5080 J
1213 5022 1292 5081 esu
1321 4997 1501 5100 Christi,
1536 5022 1668 5105 quem
1698 5022 1783 5104 pro
1815 4998 1943 5084 nobis
1971 5002 2015 5082 o·

306 5135 395 5195 non
414 5112 657 5198 confundar
672 5136 770 5216 eg03
788 5115 980 5219 paveant
997 5110 1071 5211 illi,
1091 5118 1136 5194 et
1186 5109 1361 5194 mnibus
1385 5109 1556 5216 effudit:
1580 5136 1713 5218 quam
1732 5109 1790 5196 ob
1808 5127 1907 5196 rem·
1919 5113 2015 5219 pre·

305 5247 395 5307 non
420 5229 607 5331 poveam
631 5250 731 5330 ego:
755 5223 887 5309 induc
906 5248 1038 5330 super
1057 5247 1135 5308 eos
1187 5222 1250 5308 tio
1278 5223 1409 5308 etiam
1434 5225 1573 5331 empti
1597 5249 1759 5310 sumus.
1797 5225 1954 5332 Itaque
1978 5225 2017 5309 si

307 5337 424 5425 diem
442 5338 708 5438 afflictionis,
730 5346 774 5423 et
792 5336 959 5444 duplici
977 5337 1133 5421 contri·
1187 5336 1322 5420 frater
1345 5362 1433 5421 non
1452 5337 1642 5438 redimit,
1664 5334 1853 5423 redimet
1871 5337 2017 5423 homo.
2145 5318 2146 5364 ¹

305 5453 427 5538 tione
446 5455 624 5538 contere
644 5476 733 5538 eos.
1186 5448 1233 5533 Si
1259 5473 1365 5534 vero
1397 5447 1614 5535 redimere
1640 5476 1722 5538 nos
1749 5476 1838 5536 non
1863 5459 2017 5560 potest

354 5572 405 5676 Ην,
435 5563 532 5670 Ego
551 5562 758 5652 eduxite.
783 5564 864 5648 28*
1124 5616 1125 5631 ,
1186 5557 1338 5663 homo,
1364 5563 1439 5668 qui
1461 5561 1636 5650 redimit
1652 5579 1752 5666 nos,
1773 5563 1909 5650 homo
1926 5587 2017 5652 non
