4402 6190
313 513 381 587 46*
1000 519 1116 588 Festa
1138 519 1243 590 Julii.
1268 519 1344 594 teti

587 705 671 791 Die
688 707 747 790 21.
764 705 878 791 Julii.
1191 713 1318 812 patre
1336 703 1473 792 nubili
1498 702 1742 791 cuidam-et
1764 703 2016 792 honestissi-

347 836 391 920 Β.
410 833 652 922 Macrinae
679 834 870 938 Virginis
890 847 933 920 et
952 837 1111 920 Abbat,
1192 842 1265 902 mo
1289 816 1561 920 adolescenti
1585 816 1904 925 despondetur,
1928 844 2016 927 quo

651 959 817 1048 Duplex.
1194 930 1325 1017 evita
1348 930 1528 1038 (nuptiis
1550 929 1746 1064 nondum
1768 931 2017 1070 celebretis)

195 1137 199 1146 .
364 1073 500 1144 Omnia
521 1073 567 1144 de
587 1073 730 1145 Comm.
746 1074 863 1162 Virg..
883 1083 1024 1164 praeter
1039 1095 1144 1162 sequ.
1192 1044 1399 1148 abellssle,
1425 1068 1665 1176 nillil-quam
1689 1041 1838 1130 inducl
1863 1049 2019 1178 pdtuut,

654 1195 817 1278 offitia
1185 1168 1242 1245 ut
1286 1184 1386 1266 quae
1421 1163 1716 1263 vrrgrmtutem
1760 1163 1937 1246 servure
1976 1187 2021 1244 ιιι

406 1331 501 1407 eus,
519 1303 718 1390 veritatis
737 1308 925 1404 amutor,
949 1304 1024 1410 qui
1040 1303 1142 1390 bee·
1193 1272 1383 1404 animun}
1400 1271 1649 1374 indl'lxefflt,
1675 1270 1808 1384 filium
1826 1268 2021 1358 illiceret·

433 1428 493 1505 tae
523 1418 731 1504 Macrfnae
760 1416 954 1521 virginis
990 1416 1048 1502 ad
1077 1419 1143 1503 tui
1193 1387 1235 1470 A
1251 1395 1403 1517 matris
1423 1384 1578 1487 lutere,
1603 1408 1735 1490 quam
1756 1410 1927 1470 summa
1945 1383 2021 1474 ob·

314 1531 502 1616 neminis
545 1530 731 1637 gloriam
770 1540 874 1617 vota
918 1534 1143 1638 suscipere
1194 1502 1415 1584 servuntra
1423 1497 1719 1600 reverebitur,
1730 1523 1786 1584 ne
1795 1503 2022 1587 momento

316 1644 520 1748 dignutus
547 1669 611 1730 es:
641 1644 712 1729 lac
738 1669 821 1728 nos
835 1641 998 1729 'rudius
1025 1668 1144 1729 verae
1195 1609 1878 1744 (lffldemfiiml’0sielllssced3betv
1894 1617 2046 1744 esque

314 1757 425 1843 lucis
457 1762 715 1862 agnuscere,
747 1765 792 1842 et
817 1754 876 1842 ad
900 1760 1143 1865 perpetuos
1194 1724 1364 1811 fflcfflae
1377 1733 1525 1825 mutar,
1537 1724 1873 1810 mmrstrubatm
1886 1729 2022 1812 ‹imm-
2168 1739 2169 1782 l

315 1871 512 1957 caritetis
555 1880 645 1957 tuae
688 1868 916 1977 amplexus
960 1869 1144 1956 feliciter
1193 1839 1288 1926 bus·
1342 1843 1394 1966 ll·
1417 1837 1867 1945 P¹0P10rvefstitem

315 1989 557 2092 pervenire.
600 1984 687 2071 Per
713 1983 963 2069 Duminum.
1509 1962 1660 2048 Lectio
1679 1990 1716 2044 v.

370 2119 413 2190 in
436 2121 463 2190 I.
488 2121 598 2192 Noct.
630 2121 732 2192 Lect.
763 2121 810 2192 de
834 2122 971 2210 Script.
998 2141 1142 2193 occurr.
1280 2074 1375 2151 atre
1405 2068 1599 2165 mdmffir
1633 2063 1837 2151 labfflum
1865 2067 2021 2152 Eum&

1305 2176 1376 2262 liae
1394 2178 1562 2280 matris,
1585 2177 1745 2284 quibus
1762 2177 1837 2263 illa
1854 2205 2023 2286 preme·

345 2393 346 2398 Ν
551 2261 600 2342 1¹1
617 2261 669 2342 ῙῙ·
687 2261 910 2404 N⁰0lusn95
1032 2307 1041 2326 ·
1194 2291 1339 2393 betur,
1362 2316 1410 2377 se
1433 2291 1599 2376 seciam
1617 2289 1841 2399 praebens,
1864 2292 2023 2378 sollici·

343 2392 410 2474 EX
426 2386 629 2494 ΕΡῘΒῒΟῙὸ
647 2385 688 2470 S·
708 2385 910 2491 Greguru
927 2385 1119 2493 Nyssssffl
1193 2403 1483 2512 tudinumque
1504 2413 1678 2512 partem
1702 2404 1898 2508 subiens,
1919 2417 2025 2491 'eam

433 2499 761 2610 ³d0¹l⁷¹1¹pium
778 2499 1023 2586 Menacum
1193 2518 1318 2623 gravi
1341 2517 1643 2605 molestiarum
1670 2521 1804 2606 unere
1829 2518 2026 2606 levubat:
2169 2511 2170 2586 3

614 2638 766 2722 Lectio
786 2640 840 2721 iv.
1194 2631 1266 2716 cui
1294 2640 1399 2738 post
1426 2631 1555 2716 etiam
1583 2627 1741 2734 suusit,
1771 2641 1841 2736 ut,
1871 2631 2026 2720 relicta

503 2749 634 2847 crina,
657 2749 912 2831 sancturum
930 2745 1082 2830 Basilii
1100 2757 1144 2834 et
1194 2745 1393 2853 pristinae
1404 2745 1509 2831 vitae
1527 2743 1856 2847 consuetudine,
1875 2745 2025 2834 elatio·

315 2748 713 3029 'Eumeliae
755 2858 865 2962 filia,
908 2860 1144 2966 Magnique
1194 2863 1320 2965 rique
1334 2856 1511 2944 vivendi
1527 2857 1676 2960 m0d0‚
1695 2884 1805 2966 quas
1819 2859 2027 2946 'subditas

500 2971 664 3074 Basilii,
678 2979 723 3057 et
737 2972 942 3078 Gregorii
954 2972 1145 3081 Nysseni
1196 2982 1240 3057 et
1259 2970 1439 3057 ancillas
1463 2971 1521 3057 ad
1543 2997 1649 3057 usus
1672 2973 1879 3080 proprios
1897 2972 2026 3058 ‘adhi-

318 3110 461 3188 soror,
488 3086 544 3173 ab
566 3086 744 3171 ineunte
771 3090 903 3172 aetute
925 3085 1144 3190 religiosis
1194 3086 1363 3188 buerat‚
1381 3111 1532 3171 secum
1546 3083 1742 3191 ejusdem
1762 3085 2027 3172 conditionis
2047 3103 2050 3112 ’

317 3200 420 3286 vitae
447 3197 645 3285 muribus
672 3225 698 3284 a
721 3198 865 3285 beatis
887 3199 1144 3307 parentibus
1196 3205 1329 3306 atque
1364 3198 1532 3284 ordinis
1567 3225 1665 3286 esse
1701 3199 1854 3302 vellet,
1892 3209 2026 3308 atque
2170 3305 2171 3308 Ν

179 3371 184 3394 .
317 3312 549 3419 diligenter
561 3313 786 3414 instructa,
800 3313 1013 3420 pietutem
1024 3316 1144 3418 egre·
1195 3337 1400 3398 unacum
1417 3311 1503 3398 illis
1517 3313 1652 3398 vitam
1670 3313 2027 3417 cumvirginibus

315 3427 386 3532 gie
416 3428 562 3514 culuit.
615 3427 756 3533 Hujus
791 3435 932 3512 mater
962 3425 1154 3532 gravida
1196 3423 1460 3514 traduceret
1494 3425 1707 3513 Basilium
1724 3426 1906 3513 fratrem
1924 3437 2048 3516 ante'

317 3565 473 3627 somno
493 3543 706 3649 correpta,
722 3566 854 3625 manu
871 3545 1046 3645 gestare
1061 3539 1145 3625 sibi
1196 3538 1243 3626 id
1272 3549 1468 3646 tempus,
1505 3564 1531 3624 a
1560 3538 1750 3647 publicis
1780 3539 2027 3628 litterarum

317 3654 412 3740 visa
442 3653 585 3742 estid
618 3651 740 3760 quod
770 3651 915 3739 adhuc
945 3653 1059 3740 intra
1085 3658 1145 3737 vi·
1196 3652 1452 3762 gymnasiis,
1475 3653 1520 3738 in
1545 3653 1706 3758 quibus
1731 3651 1807 3739 diu
1822 3657 2026 3740 versutus
2100 3649 2106 3664 '

317 3793 442 3854 secra
461 3767 727 3870 continebat,
753 3776 797 3852 et
817 3766 1051 3874 quemdam
1069 3765 1145 3851 hu·
1196 3767 1350 3868 fuerat,
1369 3764 1549 3853 domum
1566 3763 1835 3868 redeuntem,
1853 3765 1912 3853 ad
1928 3793 2026 3874 per·

316 3885 446 3967 muna
465 3882 614 3989 specie
633 3890 679 3967 et
692 3880 835 3966 forma
848 3881 1147 3987 augustlurem
1197 3880 1399 3970 fectionis
1435 3877 1631 3967 studium
1669 3878 1783 3968 udeo
1819 3881 2026 3984 incendit,

316 3995 494 4096 intueri,
530 3994 606 4101 qui
636 3993 817 4080 Theclae
849 3993 1145 4082 celeberrimae
1196 4003 1246 4080 ut
1271 3993 1424 4080 mundi
1446 3992 1704 4101 posthabita
1728 3993 1928 4083 claritete
1957 3995 2026 4085 de·

315 4107 522 4215 Martyris
548 4108 724 4194 numine
749 4107 931 4193 filiolam
953 4106 1145 4216 appelle·
1198 4113 1440 4216 spectetque
1455 4107 1723 4215 eloquentiae
1736 4108 1888 4216 gloria,
1905 4108 2025 4196 labo

316 4222 390 4308 vit.
419 4220 472 4307 Id
491 4231 640 4308 autem
659 4247 758 4307 cum
774 4231 843 4308 ter
861 4225 1066 4330 repetens
1083 4231 1145 4306 te·
1197 4220 1362 4306 riusum
1394 4227 1723 4328 operosumque
1746 4219 1925 4309 vivendi
1956 4249 2024 4330 ge·

317 4339 482 4421 stutum
513 4334 783 4443 reliquisset,
814 4333 1029 4422 discessit.
1079 4335 1146 4419 Ea
1197 4360 1279 4420 nus
1321 4359 1402 4443 per
1442 4339 1750 4442 paupertatem
1785 4336 2025 4443 perfectam

316 4473 424 4536 vero
452 4449 601 4534 statim
627 4473 781 4534 somno
811 4448 957 4536 soluta
983 4457 1067 4550 est,
1101 4458 1146 4535 et
1197 4448 1486 4556 amplexatus,
1504 4447 1758 4556 expeditam
1775 4447 1860 4535 sibi
1873 4449 1932 4536 ad
1944 4452 2024 4537 vir·

169 4644 172 4656 .
315 4571 447 4672 partu
473 4562 601 4648 fucile
634 4563 799 4666 levuta,
832 4573 883 4648 ut
913 4570 958 4648 et
989 4585 1145 4647 somno
1196 4568 1337 4648 tutem
1355 4561 1471 4646 viam
1490 4562 1766 4648 exstruxerit.
1796 4562 1903 4671 Ipsa
1921 4588 2024 4650 vero

316 4675 446 4762 simul
459 4677 649 4763 excitata
664 4677 731 4775 sit,
746 4685 790 4762 et
804 4674 983 4783 quodin
998 4675 1145 4781 quiete
1196 4673 1329 4760 beuta
1355 4675 1553 4760 Macrine
1582 4674 1722 4759 vitam
1750 4674 1870 4762 victu
1901 4680 2023 4786 uspe-

316 4791 504 4892 viderat,
531 4789 737 4877 effectum
759 4790 961 4898 inspexit.
1004 4789 1050 4875 Is
1073 4815 1145 4874 au·
1196 4813 1307 4890 ram,
1330 4786 1411 4876 sed
1434 4786 1624 4874 occiduis
1648 4788 2023 4896 contemplatiuni·

317 4913 408 4992 tem
440 4905 515 5013 qui
539 4929 621 5011 per
649 4904 842 5010 quietem
869 4910 1145 5012 apparuerat
1196 4900 1281 4988 bus
1299 4907 1481 4987 suavem
1495 4898 1672 5002 ducens,
1690 4899 1811 4986 humi
1824 4901 2023 5003 cububat

316 5044 415 5105 eam
431 5043 588 5104 vocem
605 5017 918 5125 pronuntient,
937 5042 1026 5102 non
1044 5025 1145 5121 tam,
1196 5012 1373 5100 medico
1406 5013 1506 5101 cibo
1537 5018 1745 5102 contenta
1776 5025 1892 5118 erat,
1924 5015 2022 5105 deli·

315 5143 366 5219 ut
392 5157 481 5238 quo
512 5130 689 5216 numine
721 5129 986 5238 appellanda
1017 5139 1145 5232 esset,
1198 5129 1289 5214 cias
1321 5153 1423 5213 suas
1449 5129 1495 5212 in
1520 5129 1811 5235 temperantia
1838 5129 2021 5218 collocu-

316 5243 541 5347 indicuret,
562 5269 695 5351 quam
707 5253 757 5332 ut
771 5241 1052 5330 similitudine
1069 5245 1145 5327 nu·
1197 5253 1337 5344 verat,
1359 5241 1547 5346 gloriam
1568 5268 1694 5327 suam
1711 5241 1757 5327 in
1775 5267 1830 5328 eo
1849 5247 2022 5350 putarat

315 5358 445 5444 minis
461 5356 579 5445 idem
597 5356 851 5445 ostenderet
864 5355 1041 5443 vivendi
1056 5361 1145 5442 stu·
1197 5357 1342 5457 sitam,
1366 5354 1487 5462 quod
1504 5365 1612 5442 nota
1629 5363 1749 5442 esset
1765 5355 1945 5460 nemini,
1964 5355 2020 5442 di·

317 5470 439 5559 dium
456 5480 501 5558 et
526 5471 784 5559 institutum.
823 5469 1146 5556 Duodecimum
1198 5469 1337 5569 vitias,
1357 5465 1479 5573 quod
1496 5467 1603 5552 nihil
1620 5467 1882 5576 possideret

317 5611 481 5673 annum
513 5611 612 5672 cum
647 5585 884 5690 attigisset,
920 5609 946 5669 a
978 5582 1145 5671 Basilio
1251 5585 1303 5688 li.
1327 5580 1533 5668 Dilexisti
1549 5581 1770 5688 justitiam.
