4290 6188
824 528 940 598 Festa
965 529 1156 600 Octobris.
1181 532 1257 616 (26.)
1835 521 1903 594 25*
1997 585 2003 594 .

170 735 262 817 que
287 709 486 795 adiretur
508 707 635 812 bora,
659 708 847 815 impiger
864 733 1012 795 accur·
1066 709 1267 818 perditos
1289 716 1565 820 peccatores,
1592 722 1637 799 et
1654 711 1902 821 impudicas

168 821 313 909 rebat.
366 823 483 928 Erga
516 828 738 930 paoperes
767 822 879 906 mira
906 823 1013 906 cari·
1066 823 1292 925 mulieres,
1350 826 1396 908 in
1452 826 1597 911 insula
1652 826 1902 934 praesertim

167 941 266 1024 tate
285 939 496 1043 flagrans,
520 946 570 1022 ut
587 961 666 1021 eos
684 934 905 1037 reliceret,
924 961 1014 1021 non
1065 937 1268 1040 AEnaria,
1308 937 1486 1025 Christo
1506 937 1757 1039 lucrifecit,
1802 938 1900 1025 Deo

168 1051 321 1135 solum
347 1076 447 1152 suo,
473 1051 579 1136 licet
603 1048 882 1149 tenuissimo,
910 1049 1012 1136 cibo
1065 1050 1416 1156 praeclarissimis
1463 1050 1592 1135 donis
1627 1051 1902 1160 apostolicos

169 1162 439 1264 abstinebat,
458 1189 611 1249 verum
630 1162 687 1249 ab
703 1161 799 1246 aliis
814 1161 1014 1248 subsidia
1066 1163 1183 1248 servi
1197 1165 1266 1249 sui
1277 1163 1456 1251 labores
1469 1169 1786 1273 prosequente:
1799 1191 1901 1252 nam

168 1276 498 1362 emendicando
523 1275 831 1382 comparabat,
855 1285 899 1359 et
923 1300 1014 1361 non
1065 1301 1189 1385 saepe
1230 1277 1275 1360 in
1315 1277 1503 1363 extasim
1540 1279 1638 1386 rapi
1669 1279 1791 1364 visus
1823 1290 1902 1383 est,

168 1389 316 1474 semel
337 1390 424 1496 piis
447 1389 756 1494 largitionibus
780 1386 945 1487 oleum,
969 1399 1014 1474 et
1064 1389 1314 1496 prophetiae
1339 1391 1498 1498 spiritu
1519 1391 1659 1477 multa
1681 1388 1902 1498 praedixit,

167 1527 315 1609 panes
331 1502 546 1587 miraculo
560 1499 881 1606 multiplicavit.
909 1501 1012 1586 Cur·
1065 1511 1110 1586 et
1140 1502 1283 1606 gratia
1314 1501 1591 1588 'curationum
1620 1503 1804 1590 morbos
1828 1509 1901 1589 va·

167 1614 351 1701 ceribus
378 1615 601 1716 detentos,
631 1623 681 1698 ut
713 1612 771 1699 ad
798 1611 1013 1720 poeniten·
1064 1615 1154 1698 rios
1174 1614 1415 1724 derepente
1434 1619 1618 1702 sanavit.
1658 1615 1768 1702 Inde
1786 1616 1899 1703 Nea·

166 1729 283 1813 tiam
312 1729 543 1829 excitaret,
570 1727 826 1833 frequenter
849 1725 1013 1826 adibat,
1063 1726 1205 1834 polim
1227 1735 1456 1830 remissus,
1482 1755 1582 1814 cum
1603 1728 1666 1815 ibi
1683 1730 1728 1814 in
1747 1730 1902 1816 carita·

166 1841 282 1925 nufli
305 1867 494 1949 parcens
516 1839 676 1940 labori,
702 1848 752 1924 ut
774 1840 1014 1948 temporali
1064 1839 1137 1941 tis,
1165 1850 1210 1926 et
1234 1842 1413 1949 pietatis
1437 1841 1595 1928 officiis
1621 1851 1744 1928 totus
1772 1853 1901 1946 esset,

168 1954 321 2056 simul,
345 1966 390 2040 et
408 1958 587 2040 aeternae
606 1951 914 2060 proximorum
931 1953 1012 2038 uti·
1065 1953 1398 2059 ingravescente
1422 1957 1508 2057 iam
1530 1961 1720 2057 tumore,
1741 1953 1835 2063 'quo
1856 1957 1901 2040 in

165 2065 287 2152 litati
302 2072 591 2175 prospiceret.
617 2066 708 2150 Tot
723 2065 841 2149 curis
856 2063 1012 2151 distra·
1064 2091 1180 2171 genu
1205 2067 1371 2174 jamdiu
1394 2069 1693 2171 laboraverat,
1719 2068 1902 2156 horrida

167 2191 295 2281 ctus,
325 2182 383 2266 ab
415 2180 615 2266 oratione
642 2190 792 2264 tamen
819 2179 1014 2264 animum
1065 2179 1370 2284 chirurgorum
1392 2181 1701 2284 instrumenta,
1730 2191 1774 2268 et
1801 2207 1900 2268 can·

167 2319 264 2379 non
291 2292 560 2395 remittebat,
590 2291 748 2378 solitus
779 2291 824 2374 in
856 2291 1011 2377 adora·
1065 2291 1263 2378 dentium
1286 2293 1548 2379 laminarum
1566 2294 1826 2382 adustiones
1844 2295 1902 2381 ad

167 2407 295 2492 tione
316 2407 607 2492 sanctissimae
629 2404 923 2490 Eucharistiae
946 2431 1012 2490 sa·
1065 2407 1339 2513 poenitentiae
1373 2407 1632 2493 exercitium
1661 2409 1902 2493 immobilis

167 2521 406 2618 crementi,
442 2531 487 2605 et
522 2517 756 2605 dominicae
790 2517 1011 2626 passienis
1064 2518 1283 2605 toleravit.
1312 2521 1400 2607 Ubi
1414 2521 1651 2625 convaluit,
1669 2521 1902 2608 Ravellum

164 2632 550 2740 contemplatione
583 2631 759 2737 (quibus
790 2631 1012 2738 mysteriis
1063 2633 1291 2739 profectus
1321 2643 1406 2732 est,
1437 2632 1588 2741 ibique
1615 2635 1723 2719 satis
1750 2639 1901 2743 super·

164 2751 443 2854 magnopere
463 2744 753 2848 afficiebatur)
773 2753 930 2830 noctes
948 2744 1010 2828 in·
1066 2770 1151 2852 que
1178 2747 1347 2831 meritis
1372 2746 1578 2848 refertus,
1611 2748 1767 2833 mortis
1793 2752 1900 2834 tem·

165 2864 352 2945 somnes
387 2857 636 2945 tradicere.
694 2857 811 2942 Hinc
847 2857 1012 2942 factum
1063 2884 1174 2966 pore
1192 2860 1502 2966 praenuntiato,
1514 2861 1808 2947 'sacramentis
1827 2860 1900 2946 de·

165 2982 250 3071 est,
271 2982 320 3057 ut
338 2971 424 3057 soli
442 2971 540 3057 Deo
560 2967 804 3072 adhae'rens,
825 2979 871 3055 et
888 2995 1009 3054 mun·
1064 2972 1291 3058 votissime
1326 2972 1566 3078 susceptis,
1611 2973 1811 3080 psalmos
1858 2983 1902 3059 et

164 3084 287 3171 dana
316 3085 463 3170 omnia
490 3086 794 3182 contemnens,
826 3082 1009 3190 praecla·
1062 3083 1252 3189 hymnos
1276 3084 1466 3172 dolciter
1491 3087 1746 3188 concinens,
1770 3084 1902 3171 laetus

164 3225 269 3283 rum
293 3198 514 3284 exstiterit
537 3196 758 3299 religiosae
776 3196 1010 3303 perfectio·
1063 3197 1336 3285 obdormivit
1366 3199 1410 3282 in
1438 3199 1651 3301 Domino,
1682 3199 1755 3285 die
1783 3200 1901 3303 vige·

164 3314 238 3397 nis
262 3310 534 3419 exemplum,
559 3308 837 3417 paupertatis
854 3313 1010 3417 praeci·
1063 3310 1174 3395 sima
1202 3322 1328 3396 sexta
1357 3312 1584 3410 Octobris,
1617 3337 1733 3397 anno
1765 3313 1900 3398 mille·

163 3450 277 3533 pue,
307 3449 549 3531 numquam
578 3433 670 3507 tam
696 3421 844 3524 laetus,
877 3447 1011 3528 quam
1062 3423 1176 3509 simo
1213 3425 1609 3533 septingentesimo
1654 3424 1900 3528 undecimo,

163 3564 271 3623 cum
295 3537 462 3621 victum
484 3533 739 3621 mendicare
763 3538 1011 3639 cogeretur.
1062 3537 1209 3622 aetatis
1265 3563 1360 3622 suae
1414 3537 1691 3640 sexagesimo
1744 3537 1900 3645 primo.

163 3649 465 3736 Abstinentiae
484 3649 651 3748 itidem,
672 3658 718 3732 et
735 3649 1009 3756 poenitentiae
1063 3649 1218 3734 Statim
1258 3662 1364 3757 post
1398 3661 1589 3737 mortem
1624 3649 1764 3734 multa
1799 3662 1901 3736 sunt

164 3764 251 3848 fuit
278 3763 538 3848 austeritate
567 3762 797 3866 singulari,
824 3787 927 3845 nam
953 3764 1008 3866 je·
1061 3767 1238 3869 patrata
1264 3764 1494 3866 miracula,
1520 3763 1634 3850 inter
1662 3787 1763 3868 quae
1789 3762 1900 3849 illud

162 3877 286 3983 jonia
305 3874 369 3960 illi
383 3879 592 3960 continua
610 3874 743 3976 fuere,
762 3883 808 3960 et
825 3873 1010 3977 singulis
1062 3876 1378 3980 circumfertur,
1398 3875 1521 3983 quod
1536 3875 1740 3982 proxime
1758 3885 1899 3963 tumu-

163 3989 263 4076 fere
285 3988 490 4075 noctibus
515 3988 560 4072 in
586 4012 635 4072 se
657 3987 805 4093 ipsum
823 3985 1010 4090 flagellis
1060 3989 1230 4091 landus,
1252 4016 1354 4076 cum
1371 3990 1616 4098 portitores
1634 3999 1736 4075 ante
1754 3989 1900 4076 taber·

164 4102 331 4188 acriter
353 4100 626 4186 insaeviebat.
665 4099 709 4184 N
711 4124 763 4185 ec
783 4098 867 4184 nisi
885 4098 1009 4202 gravi
1061 4103 1266 4189 naculum
1308 4102 1574 4190 venerabilis
1607 4101 1899 4188 Eucharistiae

164 4214 425 4300 infirmitate
455 4213 620 4299 lectulo
647 4239 755 4298 usus
786 4223 874 4315 est,
905 4237 1009 4296 nam
1062 4219 1397 4322 pertransirent,
1416 4216 1513 4323 ipse
1532 4221 1779 4302 exstinctos
1798 4219 1899 4299 ocu·

163 4326 354 4413 brevem
378 4351 584 4412 somnum
608 4325 746 4427 humi,
774 4324 846 4412 vel
873 4350 1008 4433 super
1060 4328 1130 4414 los
1149 4330 1336 4436 aperuit,
1354 4340 1399 4414 et
1417 4329 1588 4416 cunctis
1607 4327 1899 4428 cernentibus,

164 4440 334 4526 nudam
369 4439 567 4526 tabulam
604 4445 788 4547 carpere
825 4441 1008 4522 consue·
1061 4465 1114 4525 ac
1137 4447 1322 4548 stupore
1345 4441 1579 4550 perculsis,
1606 4450 1742 4549 caput
1764 4440 1810 4524 in
1827 4465 1898 4525 ve·

165 4565 307 4639 verat.
1060 4555 1303 4640 nerationis
1325 4557 1499 4660 signum
1519 4553 1756 4639 inclinavit.
1797 4552 1899 4654 Qui·

220 4669 274 4774 R.
300 4665 481 4751 Amavit
497 4691 610 4751 eum.
1060 4665 1145 4750 bus
1174 4667 1361 4774 aliisque
1397 4668 1532 4772 signis
1568 4667 1653 4751 rite
1683 4664 1899 4773 probatis,

473 4779 627 4864 Lectio
648 4783 701 4862 vi.
1060 4803 1163 4863 eum
1197 4779 1303 4864 Pius
1338 4791 1490 4867 sextus
1523 4777 1729 4865 Pontifex
1761 4775 1898 4860 Maxi·

169 4887 488 5100 Hujtismodi
519 4889 722 4998 corporis
749 4888 1008 4973 maceratio·
1060 4917 1159 4977 mus
1185 4891 1419 4978 beatorum
1446 4892 1550 4980 albo
1577 4889 1811 4977 recensuit.

303 5003 454 5104 nibus,
505 5013 734 5110 tamquam
784 5004 1008 5086 mmmm
1112 5029 1163 5111 R.
1190 5023 1283 5109 Iste
1302 5021 1447 5109 bomo.

165 5117 294 5249 grani.
311 5117 591 5247 mentm*
610 5115 799 5200 multum
816 5113 1009 5244 {ructum
1110 5113 1155 5238 lh
1178 5169 1242 5237 ΠΙ.
1259 5168 1462 5236 Nocturno
1486 5161 1657 5234 Homilia
1683 5163 1722 5232 in
1746 5163 1894 5248 Erana.

166 5229 326 5316 5¹th
367 5229 577 5332 Quamvffl
601 5253 717 5312 emm
740 5253 785 5310 m
803 5225 1008 5334 slmphcl·
1060 5263 1146 5338 Sint
1168 5265 1301 5337 lumbi.
1324 5263 1371 5332 de
1398 5261 1612 5330 Communi.

164 5346 260 5427 tate
288 5339 591 5470 flemdmsfld
615 5338 833 5447 Populum
854 5337 1007 5469 109316·
1111 5377 1244 5446 Lectio
1275 5377 1324 5446 ir.
1360 5385 1395 5446 et
1429 5393 1627 5444 commem.
1661 5373 1696 5440 S.
1724 5371 1894 5438 Erasisti

165 5457 300 5554 retur,
317 5463 468 5539 tamen
480 5478 608 5539 vrvus
628 5460 724 5538 erat
738 5475 885 5536 sermo
903 5473 1008 5555 ejus,
1059 5477 1096 5543 in
1119 5474 1330 5542 Laudibus.

167 5579 212 5652 et
245 5565 415 5653 efficax.
468 5567 754 5673 Quapropter
788 5563 1006 5671 plurimos

274 5831 367 5900 Prope.
377 5831 506 5898 lieupolit¹
522 5832 552 5883 P.
562 5831 733 5883 Autumnnlin.
