4378 6202
810 526 928 597 Festa
950 523 1059 596 Junii
1083 524 1169 612 (10.)
1193 531 1231 596 et
1252 523 1359 595 Julii.
1381 523 1423 610 (1.
1444 522 1488 609 o.)

552 712 637 798 Die
654 713 720 796 10.
738 709 865 795 lunii
1177 706 1384 808 eruditus,
1409 705 1612 814 probotae
1631 706 1735 793 vitae
1752 707 2006 793 testimonio

320 849 392 937 Ss.
411 847 631 953 crispuli
648 859 692 933 et
709 847 952 934 Restituti
969 846 1096 932 Mart.
1175 820 1426 954 1110111111]
1454 819 1711 951 aflscifptus·
1732 829 1819 951 est,
1852 830 1896 952 et
1926 845 2007 928 per

384 960 386 964 ’
555 976 714 1066 Duplex
726 977 862 1064 majus.
1177 933 1884 1021 ol10seccles1estrcrm1mstern
1912 959 2008 1038 gra·

310 1082 314 1091 ·
346 1087 483 1160 omnia
518 1088 802 1161 decommum
833 1087 1122 1177 plurimnoart
1176 1046 1270 1149 dus,
1289 1073 1390 1133 eum
1405 1049 1491 1153 jam
1505 1046 1860 1178 vigintiquinque
1869 1072 2008 1178 anno-s·

292 1184 323 1255 2.
347 1184 447 1256 loco.
1175 1171 1304 1247 natus
1337 1168 1474 1260 esset,
1507 1157 1565 1244 ad
1598 1185 1774 1245 sacrum
1806 1161 2009 1246 Draconn

626 1280 791 1365 Oratio.
1175 1301 1333 1360 munus
1352 1299 1509 1379 magna
1528 1299 1629 1359 cum
1645 1272 1777 1358 laude
1795 1275 2008 1381 pervenit

382 1423 477 1500 eus,
506 1398 582 1504 qui
607 1423 690 1483 nos
718 1395 925 1482 concedis
951 1399 1122 1482 sancto·
1176 1389 1275 1490 Quo
1294 1392 1496 1495 tempore
1516 1391 1701 1473 octovus
1719 1387 1764 1470 in
1782 1387 1910 1472 Itelia
1929 1413 2010 1473 rex

411 1537 509 1596 rum
539 1510 784 1616 Martyrum
818 1512 995 1594 tuorum
1034 1509 1123 1593 Cri-
1175 1502 1333 1605 Totila,
1356 1513 1400 1588 et
1417 1501 1597 1585 immeni
1615 1499 1878 1587 crudelitate
1895 1505 2008 1609 prae‘·

293 1624 410 1734 spuli
435 1634 479 1711 et
503 1624 716 1711 Restitdti
738 1621 935 1708 natalitia
962 1622 1124 1707 colere:
1176 1614 1305 1717 ditus,
1325 1625 1369 1702 et
1382 1615 1546 1699 Ariona
1566 1625 1692 1721 peste
1710 1615 1909 1716 infectus,
1930 1615 2009 1700 Ca-

293 1736 503 1825 danobis
525 1737 572 1820 in
594 1740 759 1822 aetema
776 1730 1049 1822 beatitodine
1067 1732 1124 1820 de
1174 1728 1385 1815 tholicam
1403 1727 1649 1813 Ecclesiam
1665 1727 1924 1814 insectebat.
1956 1731 2009 1812 In

294 1857 447 1938 eorum
465 1852 677 1936 societote
695 1850 899 1955 gaudere.
930 1849 1016 1935 Per
1033 1848 1123 1934 Do·
1176 1844 1298 1948 cujus
1316 1841 1567 1950 perfidiam,
1585 1842 1890 1947 saevitiamque
1909 1868 2011 1928 cum

291 1965 685 2050 minumnostrum.
1175 1956 1242 2040 vir
1260 1966 1439 2042 sanctus
1458 1953 1766 2041 ardentissimo
1786 1956 2010 2060 religionis

295 2088 1124 2099 ’ᾖ
1174 2068 2010 2284 tricassinensis:

611 2274 808 2359 0011111
1175 2294 1496 2382 concfliobilem
1522 2297 1638 2401 regis
1665 2295 2011 2400 indignationem

421 2397 463 2481 S·
491 2397 523 2482 J
524 2395 705 2482 oannis
730 2394 986 2499 Baptistae,
1174 2411 1219 2494 in
1247 2435 1296 2495 se
1324 2409 1575 2495 concitovit.
1617 2410 1749 2515 Cujus
1777 2409 2010 2512 seritetem,

632 2516 798 2607 Duplex.
1175 2535 1220 2610 et
1237 2523 1430 2626 insidias,
1454 2533 1503 2610 ut
1521 2523 1717 2625 eviteret,
1736 2522 1865 2608 Itelia
1884 2527 2010 2609 exce-

348 2633 487 2745 Omnia
509 2634 613 2704 utin
637 2630 841 2703 Breviario
863 2632 1040 2704 Romano
1065 2655 1125 2705 ea·
1158 2637 1282 2723 dere
1309 2641 1490 2723 cooctus
1515 2646 1601 2738 est,
1625 2661 1763 2743 seque
1787 2636 1845 2721 ad
1868 2642 2010 2722 remo·

294 2730 1123 2839 Q*—
1174 2761 1244 2838 tas
1262 2751 1467 2855 regiones
1485 2751 1698 2836 conferre.

296 2940 300 2947 -
576 2876 661 2961 Dic
678 2878 717 2960 4.
735 2875 849 2960 Julii.
1232 2865 1285 2969 Id.
1305 2866 1556 2950 Honestum
1574 2863 1689 2951 fecit.

294 3016 338 3103 s.
369 3013 626 3100 cumeani
655 3014 927 3121 Arentepisc.
958 3013 1125 3126 Hispal.
1491 2978 1647 3062 Lectio
1668 3004 1706 3059 v-

606 3128 824 3233 Martyris.
1253 3090 2010 3199 umergoinHisptniamappulis.

520 3259 678 3349 Duplex
699 3258 730 3329 2,
754 3258 894 3329 classis
1270 3216 1354 3309 set,
1379 3205 1600 3314 Hispalim
1623 3205 1759 3307 venit,
1793 3207 1913 3311 cujus
1941 3229 2010 3290 ec·

350 3373 489 3444 Omnia
525 3372 574 3444 de
613 3372 818 3444 Communi
854 3315 970 3443 unius
1006 3372 1116 3442 Marti
1175 3319 1355 3405 clesiam
1380 3319 1599 3404 Maximus
1631 3323 1870 3427 episcopus
1904 3328 2011 3405 tunc

296 3477 440 3561 praeter
462 3469 677 3559 sequentia.
1119 3427 1127 3460 ’
1175 3433 1367 3538 regebat.
1408 3434 1493 3536 Qui
1519 3432 1715 3518 exsulem
1733 3432 2011 3518 Laureonum

627 3589 792 3674 oratio,
1175 3550 1262 3654 jam
1288 3546 1550 3644 sanctitotis‚
1579 3556 1622 3631 et
1652 3546 1866 3631 doctrinae
1893 3545 2012 3631 fama

342 3723 628 3944 ffiffl
648 3720 1123 3942 fflfflffgffiffggssi
1175 3659 2013 3861 otbtolltttoliptdil
2047 3742 2051 3749 “

294 3951 376 4037 dus
397 3951 591 4058 propriae
609 3950 795 4036 actionis
813 3959 983 4054 gravat,
1005 3947 1125 4034 begfi
1175 3891 1227 3972 In
1256 3887 1414 3994 quibus
1442 3899 1565 3972 tanta
1589 3913 1688 3972 cum
1712 3912 1886 3971 morum
1910 3913 2011 3995 pm.

293 4062 512 4148 Lauregni
533 4062 741 4170 Martyris
764 4063 829 4150 tui
855 4057 989 4170 atque
1012 4062 1124 4148 Pon·
1175 4002 1331 4134 boote,
1358 4001 1666 4133 et'disciplinae
1685 4002 1943 4143 praestentia
1962 4028 2011 4134 se

293 4176 423 4262 tificis
441 4176 700 4261 intercessio
712 4175 907 4281 gloriosa
924 4202 1006 4262 nos
1024 4179 1123 4283 pro·
1175 4123 1327 4315 {lesm'
1351 4125 1401 4200 Ut
1428 4116 1552 4217 ἀφ’
1575 4116 1821 4248 p⁰puhql¹⁰
1849 4115 2010 4248 ludlc¹⁰

293 4299 426 4392 tegat
452 4289 539 4375 pgr
556 4290 806 4375 Domum
1224 4254 1336 4334 gnus
1381 4233 1656 4331 censeretur,
1703 4255 1777 4336 qu1
1814 4228 2010 4315 Monimo

1176 4345 1267 4431 vita
1285 4343 1438 4428 functo
1458 4343 1726 4430 succederet
1765 4343 1927 4428 Factus
1946 4369 2010 4429 er·

1176 4484 1234 4565 go
1252 4457 1468 4559 Pontifex,
1493 4456 1687 4542 omnium
1706 4457 1902 4565 opinioni
1920 4482 2011 4541 non

1176 4570 1672 4770 sturmus
1687 4570 2010 4768 roias:

595 4789 749 4874 Lectio
767 4790 822 4873 iv·
1176 4710 1549 4906 {tetimvlpistorem
1573 4709 1860 4905 pertinerent,
1885 4800 2009 4881 omit·

350 4427 555 4499 Lectiones
588 4426 615 4496 I.
639 4425 831 4496 Nocturni
852 4427 887 4497 A
911 4427 1054 4499 Mileto
1077 4426 1125 4498 de

297 4523 514 4598 Communi

383 4893 389 4906 ¹
442 4913 503 4984 1111
524 4911 739 4986 Breviariis
763 4912 977 5003 Hispaniae.
1177 4923 1287 4998 tens.
1318 4912 1427 4997 Erat
1444 4921 1591 5003 autem
1610 4921 1655 4996 et
1672 4910 1888 5017 Hispenia
1904 4920 2010 4995 tunc
2175 4957 2176 5012 ³

342 5032 699 5116 staureonus
729 5027 866 5115 nobili
894 5032 1055 5133 genere
1081 5030 1126 5113 in
1177 5025 1391 5133 temporis
1420 5024 1502 5110 sub
1527 5024 1794 5109 Arianorum
1819 5025 2008 5131 tyrenni-
2175 5095 2176 5134 Ν

431 5142 658 5227 Pannonia
691 5154 833 5244 ortus,
870 5142 1125 5249 parentibus
1179 5139 1254 5240 de,
1293 5139 1368 5245 qui
1403 5139 1522 5222 miris
1562 5137 1706 5224 modis
1747 5136 2010 5223 catholicam

342 5249 377 5266 ”
431 5254 680 5342 infidelibus
699 5256 875 5358 relictis,
897 5256 942 5339 in
959 5256 1125 5342 Medio·
1178 5252 1312 5339 fidem
1336 5252 1674 5340 insectabentur.
1713 5254 1887 5338 Horum
1912 5276 2007 5360 per·

295 5371 520 5455 lanensem
536 5369 782 5455 Ecclesiam
800 5395 848 5454 se
866 5369 1043 5477 recepit
1075 5371 1126 5453 In
1178 5367 1329 5454 fidiam
1360 5392 1460 5452 cum
1491 5366 1683 5452 assiduis
1714 5392 1797 5473 per.
1822 5369 2008 5473 septem·

298 5508 385 5592 qua
421 5508 447 5569 a
479 5490 619 5591 puero
654 5494 806 5570 sancte
838 5483 884 5566 in
915 5483 1126 5587 religione
1180 5482 1324 5568 decim
1354 5505 1492 5565 annos
1529 5479 1928 5581 cohortationibus,
1966 5488 2009 5566 et
2175 5501 2176 5520 ¹

297 5595 529 5702 educatus,
565 5608 610 5683 et
642 5598 687 5682 in
717 5597 855 5683 sacris
887 5594 1127 5705 disciplinis
1178 5594 1548 5704 disputationibus
1580 5595 1638 5681 ad
1666 5594 1865 5681 veritotis
1893 5593 2008 5680 viam
2084 5622 2092 5641 ⁸
