4354 6184
654 487 658 495 ¹
800 571 802 576 ,
857 504 975 576 Festa
996 503 1098 593 Maji.
1123 503 1209 590 (lo.)
1598 574 1601 584 ,
1821 491 1888 568 71*

167 677 270 780 igne
301 703 476 780 aurum,
509 683 662 764 eorum
692 680 833 765 virtus
863 681 1003 786 magis
1054 680 1140 764 illis
1157 682 1367 766 virtatem
1390 690 1435 767 et
1460 686 1731 787 potestatem
1754 706 1889 789 super

168 789 319 888 eluxit.
378 803 430 906 le.
450 791 502 874 ln
520 792 660 876 servis
679 791 781 876 suis.
1054 795 1200 878 omnia
1228 793 1464 894 daemonia,
1497 803 1542 879 et
1572 802 1622 878 ut
1652 793 1887 896 languores

477 931 631 1015 Lectio
651 932 703 1014 vi,
1054 909 1269 991 curarent.
1294 906 1353 990 Et
1370 905 1551 1012 reliqua.

175 1034 539 1246 &sanctorum
563 1030 910 1120 adolescentium
929 1061 1000 1121 ex·
1107 1041 1298 1127 Homilia
1316 1041 1358 1126 S.
1376 1040 1602 1127 Ambr6sii
1618 1041 1843 1149 Episcopi.

282 1143 430 1252 emplo
449 1153 494 1229 et
511 1143 667 1246 verbo,
688 1145 939 1253 Epiphania
957 1157 1002 1234 et
1145 1165 1228 1236 Lib.
1251 1167 1282 1236 o.
1307 1166 1347 1234 in
1373 1186 1456 1254 cap.
1481 1167 1512 1236 9.
1536 1165 1662 1250 Lueae,
1686 1164 1808 1234 initio.

166 1255 393 1358 Euthalia‚
425 1255 596 1342 nobiles
627 1256 818 1359 feminae,
849 1259 1003 1364 viginti
1057 1296 1072 1359 s
1094 1316 1134 1387 4
1309 1264 1472 1352 debeat
1490 1289 1589 1351 esse
1609 1261 1684 1373 qui
1701 1289 1886 1370 evange·

166 1369 347 1470 milites,
371 1368 447 1474 qui
465 1393 545 1453 eos
563 1367 890 1475 custodiebant,
914 1371 1000 1458 He·
1057 1442 1059 1445 v
1197 1377 1300 1462 llaet
1322 1402 1505 1480 regnum
1521 1377 1625 1477 Dei,
1645 1379 1885 1485 praeceptis

166 1481 279 1566 brai
295 1481 436 1582 multi,
455 1480 704 1582 Cleonicus,
727 1492 772 1567 et
789 1481 999 1569 Stratoni·
1164 1502 1170 1515 ”
1196 1488 1461 1592 evangelicis
1481 1489 1751 1594 designatur:
1766 1499 1816 1576 ut
1830 1490 1884 1575 si-

167 1619 261 1696 cus,
284 1592 483 1698 martyrii
504 1593 698 1699 palmam
720 1593 874 1701 adepti
889 1607 1000 1682 sunt.
1051 1624 1108 1683 ne
1138 1600 1278 1704 virga,
1310 1601 1406 1686 sine
1435 1625 1561 1708 pera,
1593 1601 1687 1685 sine
1719 1601 1885 1686 calcea·

165 1707 354 1791 Sanctus
384 1705 648 1813 Neophytus
680 1706 830 1807 etiam,
863 1732 1000 1813 quon·
1051 1715 1220 1815 mento,
1256 1715 1350 1800 sine
1385 1737 1521 1821 pane,
1556 1713 1651 1798 sine
1685 1713 1886 1820 pecunia,

166 1816 270 1902 dam
306 1816 478 1901 Tertilli
513 1817 808 1918 consiliarius,
847 1822 1001 1903 eorum
1051 1823 1137 1909 hoc
1155 1835 1233 1925 est,
1257 1824 1443 1911 subsidii
1459 1825 1686 1912 saecularis
1705 1823 1884 1911 admini-

166 1934 307 2036 6pera
332 1927 389 2013 ad
417 1928 701 2015 christianam
732 1928 866 2014 fidem
898 1955 999 2016 con·
1051 1936 1149 2020 cula
1172 1961 1263 2022 non
1286 1941 1532 2042 requirens,
1558 1935 1737 2043 fideque
1763 1947 1885 2023 tutus

166 2043 333 2143 versus,
348 2039 508 2126 deinde
520 2041 601 2126 fuit
611 2045 849 2148 episcopus
858 2043 999 2128 Leon·
1049 2057 1177 2155 putat
1196 2049 1296 2153 sibi,
1322 2074 1412 2156 quo
1435 2050 1580 2133 minus
1602 2074 1654 2134 ea
1677 2053 1884 2156 requirat,

164 2159 284 2238 tinus
313 2152 527 2237 miraculo
559 2157 856 2239 consecratus.
903 2155 1000 2240 Nec
1049 2161 1189 2265 magis
1210 2185 1346 2269 posse
1365 2166 1613 2270 suppetere
1654 2162 1764 2264 Quae
1782 2185 1883 2268 pos·

166 2265 232 2350 eis
263 2264 404 2352 defuit
428 2265 678 2373 prophetiae
707 2265 893 2365 donum,
923 2277 999 2354 aut
1049 2283 1165 2376 sunt,
1193 2275 1269 2380 qui
1292 2273 1446 2359 volunt
1469 2275 1527 2360 ad
1554 2299 1656 2358 eum
1682 2271 1884 2358 derivare

164 2377 479 2463 miraculorum
513 2377 672 2462 virtust
716 2403 818 2464 nam
851 2378 998 2465 futura
1049 2389 1306 2489 tractatum,
1341 2396 1391 2471 ut
1421 2385 1665 2493 spiritalem
1695 2391 1883 2470 tantam·

166 2490 314 2574 omnia
349 2488 547 2574 ecclesiae
577 2489 807 2575 Leontinae
839 2489 998 2598 praedi·
1049 2498 1185 2584 modo
1207 2498 1334 2584 locus
1357 2498 1442 2583 iste
1465 2498 1657 2583 formare
1681 2494 1884 2594 videatur

164 2605 342 2703 xerunt;
374 2607 714 2706 energumenum
744 2601 997 2706 liberarunt,
1050 2609 1274 2706 affectum:
1314 2611 1391 2716 qui
1424 2609 1546 2695 velut
1578 2608 1883 2694 indumentum

12 2749 18 2764 ·
164 2722 366 2799 sanctam
383 2713 610 2814 Theclam,
628 2713 817 2799 Isidorae
835 2720 997 2822 marty·
1050 2722 1275 2828 quoddam
1294 2722 1496 2808 videatur
1516 2723 1719 2829 corporis
1741 2725 1882 2806 exuis·

164 2825 226 2910 ris
244 2825 395 2929 tiliam,
419 2850 498 2911 sex
520 2827 644 2910 annis
661 2827 857 2935 paralysi
877 2827 997 2914 labo·
1049 2859 1117 2938 se,
1152 2860 1241 2920 non
1277 2833 1421 2919 solum
1453 2838 1677 2941 potestate
1707 2836 1883 2938 rejecta,

164 2943 352 3043 tantem,
379 2937 671 3024 incolumitati
696 2940 997 3044 restituerunt3
1050 2951 1407 3056 contemptisque
1432 2945 1615 3046 divitiis,
1642 2944 1724 3030 sed
1750 2945 1882 3031 etiam

166 3061 365 3137 sanctam
394 3051 612 3136 iustinam
643 3051 784 3136 altero
820 3063 998 3160 captam
1050 3060 1193 3146 camis
1211 3060 1351 3167 ipsius
1367 3057 1587 3144 illecebris
1606 3054 1835 3143 abdicatis.

167 3163 298 3248 oculo
333 3168 562 3250 sanarunt:
596 3172 643 3248 et
678 3163 905 3250 daemones
940 3164 997 3251 ab
1107 3177 1159 3282 le.
1176 3173 1275 3275 Ego
1294 3196 1393 3256 sum
1410 3171 1523 3256 vitis.

165 3274 276 3362 urbe
289 3275 521 3362 visibiliter
539 3275 812 3384 expulerunt:
838 3277 907 3362 Ac
919 3300 996 3384 po·
1339 3287 1493 3371 Lectio
1513 3285 1598 3368 viii.

165 3393 379 3473 strennum
400 3393 627 3496 tyrannus,
649 3391 886 3496 perspecta
902 3389 997 3473 illo·
1135 3396 1266 3483 uibus
1284 3396 1428 3502 primo
1446 3396 1641 3481 omnium
1660 3393 1789 3480 datur
1805 3419 1880 3501 pa·

164 3528 264 3586 rum
294 3501 559 3602 constantia,
589 3510 716 3587 sexto
746 3500 854 3587 Idus
884 3502 997 3608 Maii,
1156 3509 1231 3610 cis,
1249 3518 1383 3614 atque
1402 3507 1661 3593 constantiae
1673 3506 1880 3609 generale

163 3611 346 3700 mandat
381 3612 547 3721 Alphio
591 3612 787 3717 linguam
827 3614 997 3699 uncinis
1048 3622 1322 3720 mandatum,
1346 3629 1396 3705 ut
1416 3644 1575 3727 pacem
1596 3619 1755 3719 lerant,
1778 3642 1880 3702 con·

164 3730 411 3813 extractam
422 3724 665 3833 proscindi;
678 3725 797 3811 unde
808 3728 999 3812 maxima
1049 3735 1256 3820 stantiam
1274 3744 1463 3832 servent,
1482 3731 1714 3838 hospitalis
1732 3753 1880 3815 neces·

164 3842 483 3947 prorumpente
500 3838 723 3942 sanguinis
741 3839 886 3946 capia,
911 3843 996 3946 spi·
1049 3845 1252 3932 situdinis
1266 3846 1360 3952 jura
1373 3843 1636 3944 custodiant,
1650 3843 1881 3930 alienuma

164 3951 300 4036 ritum
317 3951 501 4055 efflavit,
518 3949 835 4058 Philadelphus
848 3952 894 4034 in
907 3976 998 4036 cra·
1047 3955 1344 4066 praedicatdre
1370 3957 1496 4061 regni
1521 3955 1714 4042 coelestis
1739 3960 1880 4041 astru·

164 4063 302 4148 ticnla
331 4062 586 4165 reclinatus,
622 4062 830 4168 subjectis
860 4067 997 4150 torre·
1048 4094 1138 4170 ens,
1156 4070 1370 4156 cursitare
1388 4093 1470 4177 per
1488 4068 1659 4169 domos,
1680 4077 1726 4155 et
1742 4069 1880 4153 invio·

165 4185 239 4262 tur
274 4177 449 4283 prunis;
484 4175 672 4283 Cyrinus
701 4201 811 4262 vero
842 4178 887 4260 in
916 4176 998 4261 fer·
1046 4182 1194 4269 labilis
1211 4181 1394 4292 hospitii
1411 4186 1505 4290 iura
1520 4185 1704 4267 mutare.
1729 4179 1818 4266 Sed
1831 4192 1881 4265 ut

165 4291 344 4374 ventem
373 4287 561 4395 plumbi,
593 4293 768 4392 resinae,
799 4290 999 4397 picisque
1046 4295 1231 4410 hospitii
1251 4297 1392 4401 gratia
1410 4293 1647 4381 deferenda
1665 4297 1879 4395 censetur,

164 4400 358 4488 lebetem
388 4400 506 4486 ultro
535 4400 795 4508 prolabitur.
839 4402 1000 4510 Sicque
1047 4408 1109 4494 ita
1135 4409 1285 4512 etiam,
1312 4410 1350 4492 si
1376 4433 1467 4492 non
1492 4406 1779 4514 recipiantur,
1806 4431 1879 4491 ex·

165 4513 636 4615 invictrssrm1lratres,
660 4514 808 4600 solato
831 4515 999 4622 spiritu,
1048 4520 1303 4607 cutiendum
1324 4521 1569 4628 pulverem,
1592 4528 1638 4604 et
1656 4517 1879 4624 egredien-

166 4626 224 4712 ad
244 4625 419 4712 latireas
439 4625 664 4711 incoelum
685 4628 929 4713 evolarunt.
1048 4631 1154 4717 dum
1172 4631 1229 4718 de
1248 4633 1437 4732 civitate,
1453 4630 1698 4719 mandatur.

219 4749 273 4854 ll.
295 4747 420 4834 Filiae
439 4749 465 4833 J
467 4747 696 4834 erasalem.
1104 4745 1156 4848 Ra
1181 4742 1368 4829 Candidi
1385 4744 1500 4829 facti.

381 4906 431 4986 11,
457 4905 530 4985 IH.
557 4903 783 4986 Nom&
1106 4873 1239 4944 Lectio
1263 4873 1314 4942 im
1345 4872 1393 4940 de
1413 4871 1474 4980 βε.
1499 4867 1701 4980 Gordiano
1730 4875 1767 4978 et
1790 4867 1880 4956 Epi·

1051 4969 1189 5040 macho
1213 4969 1322 5038 Mart.
1344 4972 1388 5038 ut
1410 4985 1451 5034 111
1473 4963 1687 5036 Brevrarro.
1721 4964 1762 5036 S1
1785 4985 1879 5034 vero

168 5042 324 5138 Lectio
351 5045 492 5131 sancti
510 5043 738 5148 Evangelii
758 5041 1002 5128 secandum
1051 5063 1314 5150 transferatur,
1338 5061 1411 5132 dic.
1434 5079 1542 5148 sequ.

496 5157 674 5242 Lucam.
1353 5164 1506 5248 Lectio
1525 5163 1579 5246 ix.

243 5274 398 5358 LecliO
420 5273 490 5358 vii·
736 5272 841 5377 Call·
855 5274 921 5356 10·
1135 5308 1196 5369 uo
1223 5310 1313 5370 non
1340 5282 1579 5369 mediocris
1601 5283 1708 5371 boni
1736 5279 1878 5372 remu·

166 5387 244 5604 In
274 5397 351 5485 illo
382 5401 599 5505 tempore:
632 5397 899 5483 Convocatis
929 5398 956 5481 J
957 5423 997 5483 e·
1164 5396 1336 5481 naratio
1373 5394 1561 5482 docetur
1592 5397 1792 5506 hospitii:
1830 5409 1880 5484 ut

241 5535 318 5596 sus
341 5509 578 5596 duodecim
601 5506 851 5617 Apostolis,
876 5507 1000 5595 dedit
1048 5535 1138 5595 non
1161 5508 1307 5596 solum
1336 5533 1495 5620 pacem
1526 5509 1771 5598 tribuamus
1801 5511 1879 5596 ho·
