4366 6188
845 517 961 589 Festa
985 517 1092 589 Julii.
1115 519 1192 604 (15.)

404 713 454 792 In
472 714 502 792 I.
526 711 750 794 Nocturuo.
1040 713 1191 798 matris
1223 737 1355 798 mete:
1389 709 1453 796 ibi
1486 734 1558 795 me
1589 709 1791 814 docebis,
1828 720 1873 798 et

215 853 315 933 Ant,
345 844 460 934 Audi
478 845 582 947 fllia,
606 855 650 932 et
666 843 784 949 vide,
808 857 853 933 et
869 845 989 933 incli·
1042 824 1159 911 dabo
1178 825 1260 934 tibi
1277 823 1487 933 peculum
1506 823 1678 910 exvino
1693 823 1873 911 conditu

154 984 216 1043 na
234 983 386 1046 aurem
404 967 541 1060 tuam,
565 965 609 1043 et
632 955 893 1044 obliviscere
910 963 988 1067 pd-
1041 947 1086 1023 θῒ
1120 949 1312 1025 mustum
1342 937 1558 1022 mamm
1590 941 1874 1041 granatim

153 1071 310 1178 pulum
328 1085 470 1174 tuum,
493 1081 539 1158 et
558 1069 740 1159 domum
757 1073 896 1181 patris
912 1073 989 1160 tui.
1040 1055 1250 1138 mellum·
1308 1051 1445 1138 Laeva
1467 1050 1572 1183 ‘ejus
1607 1049 1691 1136 sub
1726 1050 1872 1183 cellit?

212 1205 359 1276 Psalmi
380 1207 493 1276 trium
510 1207 797 1277 Nocturnorum
815 1209 862 1278 de
880 1209 991 1278 Com·
1039 1189 1159 1266 meot
1188 1174 1233 1250 et
1256 1164 1440 1251 dextera
1464 1162 1581 1248 llh'us
1605 1162 1872 1277 amplexam·

157 1305 266 1372 muni
284 1303 389 1392 virg.
1041 1287 1113 1364 tur
1135 1303 1217 1364 me.
1256 1275 1426 1384 Adiuro
1450 1302 1549 1378 vos,
1573 1276 1676 1362 filiae
1699 1277 1872 1364 Jerusa-

212 1419 316 1502 Ant.
335 1415 638 1518 Concupiscet
658 1412 758 1498 Rex
781 1411 988 1502 decerem
1039 1389 1144 1523 lem,
1168 1415 1224 1524 ne
1242 1391 1481 1524 δμῦθὶῒόῒὶθ,
1502 1415 1647 1498 neque
1665 1389 1873 1523 evigfldfe

151 1533 298 1625 tuum,
329 1524 530 1628 Rogana,
564 1526 772 1633 quoniam
797 1526 895 1634 ipse
921 1536 989 1613 est
1040 1500 1211 1591 lac1at1s
1230 1504 1451 1606 dilectam,
1476 1500 1620 1590 donec
1636 1501 1736 1612 ipsa
1753 1504 1872 1590 velit.

151 1637 373 1722 Daminus
390 1639 513 1723 Deus
532 1647 646 1724 tuus,
1040 1617 1151 1719 Quae
1174 1627 1242 1704 est
1266 1619 1353 1703 ista
1377 1642 1477 1724 quae
1504 1613 1705 1702 ascendit
1723 1613 1780 1703 de
1798 1618 1872 1704 de·

213 1777 312 1858 Ant·
337 1770 582 1875 Dsfigeme,
596 1771 797 1876 Domine5
815 1796 989 1859 servam
1041 1733 1159 1817 serto
1175 1728 1343 1818 deliciis
1363 1731 1559 1834 affluens,
1576 1730 1726 1815 innixa
1739 1755 1873 1840 super
1951 1741 1956 1762 ‘

151 1890 279 1968 tuam
304 1882 349 1966 in
376 1883 540 1971 virtute
566 1895 659 1989 tua;
691 1894 737 1972 et
767 1885 879 1972 doce
905 1909 988 1989 me,
1041 1841 1253 1931 ffil⁶⁰t¹¹m
1271 1839 1423 1929 suum?

153 1995 261 2104 quia
278 2007 328 2082 tu
347 2023 395 2082 es
412 1997 548 2102 Deus,
566 1999 770 2086 Salvator
787 2023 924 2086 meus.
1098 1969 1149 2072 ll·
1168 1958 1221 2091 1.ss
1253 1957 1436 2090 caritati
1469 1960 1687 2098 perPetua
1720 1955 1873 2092 dimit

212 2125 261 2228 γ’
283 2128 442 2237 ὃρόοὶθ
477 2138 555 2215 tua
584 2139 630 2217 et
659 2127 988 2240 pulchriffidihe
1041 2069 1266 2156 Rosaham
1292 2072 1526 2176 Deminus3
1556 2070 1659 2156 ideo
1692 2076 1872 2160 attremt

150 2249 288 2457 3131·et
300 2252 354 2442 il·
356 2240 575 2462 gffgtnde
598 2249 816 2353 aranee
833 2247 987 2353 aree·
1039 2194 1224 2383 ffitii
1238 2182 1665 2403 llelllllllll
1654 2185 1873 2406 liiiio?

1040 2412 1155 2501 savit
1180 2437 1279 2498 eam
1302 2412 1389 2498 sibi
1411 2414 1458 2497 in
1484 2412 1800 2520 sempiternum
1825 2413 1870 2496 in

279 2521 345 2600 De
364 2511 557 2598 Canticis
576 2511 866 2600 Canticdrum.
1038 2522 1139 2627 fide,
1157 2525 1266 2611 etin
1284 2525 1599 2614 misericerdia.
1625 2525 1693 2611 Et.

236 2660 390 2742 Lectio
413 2661 434 2740 l.
752 2659 909 2764 Cap.2.
1332 2675 1575 2768 Mefioiii,
1647 2691 1650 2708 '

160 2812 186 2945 u
218 2812 254 2887 ²
270 2783 988 2986 cna
1044 2786 1398 3002 Pasas
1429 2908 1855 3014 l

163 2946 252 3003 ‘stu
479 2962 488 2982 .
1392 2973 1402 3012 9
1856 2955 1870 2972 '

164 3026 165 3031 '
297 3011 463 3120 spinas,
491 3013 724 3098 flic'amica
749 3037 849 3098 mea
872 3009 987 3098 infer
1037 3048 1119 3128 per
1153 3021 1384 3110 brechium
1418 3032 1563 3109 tuum:
1605 3024 1707 3131 quia
1742 3024 1870 3109 fortis

151 3104 280 3210 filias.
324 3125 445 3212 Sicut
466 3125 609 3212 malus
633 3127 748 3213 inter
772 3127 889 3232 ligna
916 3126 985 3212 sil·
1040 3143 1108 3220 est
1126 3145 1175 3221 ut
1192 3161 1311 3222 mors
1331 3135 1528 3242 dilectio,
1550 3137 1660 3223 dura
1678 3138 1792 3223 sicut
1809 3136 1871 3221 in·

151 3243 326 3340 varum,
351 3239 418 3325 sic
440 3237 627 3328 dilectus
651 3267 777 3326 meus
800 3242 916 3326 inter
936 3241 985 3325 li·
1038 3248 1186 3334 fernus
1225 3249 1467 3335 aemulatio:
1512 3250 1743 3358 lampades
1778 3251 1870 3356 ejus

150 3353 248 3438 lios.
291 3351 383 3438 Sub
402 3352 559 3439 umbra
576 3353 704 3457 illius,
722 3379 855 3463 quem
873 3354 985 3440 desi·
1036 3360 1267 3470 lampades
1291 3361 1405 3468 ignis
1427 3373 1562 3472 atque
1585 3364 1871 3448 flammarum.

154 3466 435 3570 dereveram,
471 3466 586 3571 sedi,
618 3477 663 3554 et
693 3467 861 3552 fructus
893 3469 986 3573 ejus
1039 3473 1184 3582 Aquae
1213 3475 1364 3561 multae
1400 3500 1490 3561 non
1522 3479 1763 3584 potuerunt
1797 3501 1869 3561 ex·

153 3579 296 3666 dulcis
313 3581 479 3686 gutturi
495 3606 608 3667 meo,
646 3579 897 3667 Introddxit
913 3606 986 3667 me
1037 3592 1259 3692 stinguere
1292 3588 1540 3692 caritetem,
1576 3613 1658 3676 nec
1691 3588 1872 3674 fldmina

151 3693 195 3778 in
229 3693 387 3781 cellam
418 3693 652 3798 vinariam,
688 3693 911 3781 ordinevit
940 3695 986 3778 in
1039 3699 1227 3787 ebruent
1262 3701 1393 3786 illam.
1444 3702 1491 3788 Si
1527 3702 1698 3789 dederit
1733 3701 1869 3789 homo

152 3833 224 3894 me
243 3808 483 3894 caritetem.
512 3808 683 3896 Fulcite
701 3834 772 3894 me
790 3807 986 3912 fletibus,
1039 3838 1215 3901 omnem
1250 3813 1544 3902 substantiam
1580 3814 1740 3903 domus
1775 3841 1870 3901 suae

155 3923 318 4029 stipate
340 3946 412 4007 me
434 3919 580 4025 malis,
606 3922 708 4031 quia
727 3926 878 4009 amere
896 3922 985 4007 lan·
1037 3952 1120 4035 pro
1151 3927 1404 4034 dilectidne‚
1438 3927 1565 4037 quasi
1590 3928 1699 4013 nibil
1726 3928 1869 4037 despi-

154 4059 280 4140 gueo.
1039 4041 1125 4128 ciet
1142 4067 1252 4128 eam.
1420 4093 1425 4105 ·

207 4168 260 4272 ll.
282 4164 389 4251 Noli
414 4165 587 4267 timere,
615 4175 757 4252 mater
784 4163 985 4268 filidrum,
1094 4171 1146 4276 ll.
1171 4161 1416 4251 Benedicta
1443 4174 1583 4267 estu,
1610 4164 1812 4268 Rosalia‚
1844 4191 1870 4250 a

157 4279 262 4366 dicit
290 4279 527 4380 Deminus,
560 4279 768 4386 queniam
798 4279 985 4366 sanctifi·
1037 4276 1228 4363 Demino
1255 4278 1354 4398 Dec
1382 4278 1577 4380 excelso,
1610 4277 1686 4385 qui
1711 4303 1870 4365 nomen

155 4392 268 4495 cevi,
296 4401 340 4493 et
366 4393 523 4500 parevi
548 4401 741 4493 montes,
772 4389 985 4479 habentes
1036 4399 1162 4476 tuum
1187 4389 1248 4477 ita
1274 4391 1588 4499 magnificevit,
1619 4399 1668 4478 ut
1693 4417 1783 4480 non
1805 4417 1870 4477 re·

155 4529 318 4606 ronam,
344 4515 388 4592 et
404 4503 558 4590 lssium:
578 4509 600 4556 *
619 4505 672 4589 In
696 4504 855 4613 quibus
878 4513 982 4612 gad·
1038 4500 1168 4589 cedat
1195 4503 1293 4590 laus
1322 4515 1399 4591 tua
1431 4505 1487 4592 de
1519 4530 1595 4590 ore
1627 4505 1870 4591 hdminum:

156 4615 227 4704 dio
242 4616 498 4726 adimplebo
513 4617 629 4704 lilios
642 4626 756 4704 tuos.
795 4611 847 4718 lJ.
864 4617 985 4705 Leva
1041 4617 1151 4702 *Et
1181 4617 1268 4708 eris
1302 4618 1536 4705 benedicta
1570 4619 1616 4703 in
1647 4625 1870 4707 aeternum.

156 4731 311 4817 doulos
341 4740 444 4817 tuos
474 4732 520 4815 in
545 4741 739 4834 montes,
770 4729 888 4819 unde
914 4736 984 4819 ve·
1040 4725 1092 4831 ll.
1114 4730 1349 4819 Benedixit
1381 4743 1426 4818 te
1458 4731 1675 4818 Deminus
1708 4733 1753 4815 in
1783 4733 1866 4817 vir·

156 4845 246 4931 niet
264 4843 476 4930 auxilium
493 4844 585 4931 tibi.
610 4847 675 4932 In.
1036 4847 1132 4929 tute
1160 4871 1260 4946 sua,
1292 4845 1394 4954 quia
1419 4870 1501 4952 per
1526 4854 1572 4931 te
1599 4844 1657 4930 ad
1688 4843 1871 4930 nihilum

232 5003 385 5086 Lectio
406 5006 446 5086 ii·
752 5007 906 5111 Cap&
1036 4955 1425 5160 ridssgifflniffloes
1444 4968 1637 5069 nostros.
1669 4957 1737 5044 Et.
1766 4957 1868 5043 Gle-

1038 5095 1106 5157 na
1158 5096 1185 5157 a
1246 5137 1255 5157 .
1341 5136 1351 5159 .

241 5135 312 5220 uis
335 5133 441 5220 mibi
466 5132 541 5222 det
565 5144 611 5222 te
636 5134 821 5223 fratrem
839 5159 986 5221 meum

159 5109 239 5360 Q
272 5251 502 5354 sugentem
526 5249 665 5341 ubera
687 5249 839 5335 matris
861 5273 986 5350 meae,
1263 5235 1313 5312 ln
1340 5234 1389 5314 Π·
1419 5232 1642 5312 Nocturno.

158 5370 205 5447 nt
231 5363 453 5448 inveniam
479 5377 525 5450 te
549 5363 658 5448 loris
683 5371 729 5447 et
744 5359 987 5448 'deesculer
1092 5365 1191 5445 Ant.
1224 5357 1405 5464 Angelis
1430 5359 1521 5444 suis
1545 5359 1669 5444 Deus
1691 5357 1868 5446 mande·

158 5483 211 5578 te,
231 5485 276 5562 et
293 5477 378 5582 jam
396 5501 468 5563 me
482 5500 612 5563 nemo
627 5472 868 5583 despiciat?
895 5475 985 5585 Ap·
1038 5475 1102 5560 vit
1119 5471 1177 5560 de
1194 5484 1256 5576 te,
1273 5472 1469 5576 Rosdlia,
1486 5482 1537 5561 ut
1555 5469 1807 5560 custddiant
1824 5483 1869 5560 te

159 5585 430 5696 prebendam
446 5600 491 5676 te
510 5601 555 5680 et
569 5589 729 5677 ducam
746 5591 792 5674 ib
807 5588 987 5675 domum
1038 5587 1085 5673 in
1102 5585 1306 5675 emnibus
1323 5586 1404 5672 viis
1420 5588 1518 5676 tuis.
