4346 6176
835 547 950 618 Festa
974 549 1092 620 lunii.
1116 551 1200 631 (10.)

156 740 363 851 peculiari
392 741 478 827 Dei
507 737 788 848 providentia
817 739 983 825 iactum
1035 739 1210 847 quoties
1253 737 1438 826 diversis
1475 735 1646 825 vicibus
1691 765 1866 826 sacrum

158 865 236 957 est,
264 866 315 943 ut
344 854 504 941 eodem
537 855 675 939 ferme
706 858 906 962 tempore
938 864 984 939 et
1033 853 1248 961 templum
1257 852 1429 959 ingredi
1440 856 1673 961 pertentat,
1686 853 1866 942 tandem

156 967 351 1055 Liberius
374 969 579 1054 Summus
596 967 801 1054 Pontifex
822 967 868 1051 in
891 967 982 1051 uni·
1032 966 1251 1072 intelligit,
1275 967 1320 1052 in
1343 993 1524 1076 poenam
1548 992 1642 1052 suae
1666 968 1864 1078 impieta·

156 1087 277 1168 versa
298 1082 517 1182 Ecclesia,
542 1080 654 1167 etin
678 1080 858 1166 Oriente
885 1105 980 1165 san-
1033 1080 1091 1167 tis
1117 1081 1311 1187 linguam
1338 1080 1423 1169 sibi
1447 1079 1696 1190 praepediri.
1752 1084 1864 1186 Qua·

156 1207 245 1282 ctus
267 1195 540 1283 Athanasius
562 1199 789 1304 praecipue
814 1203 859 1279 et
885 1220 980 1279 san·
1033 1200 1219 1304 propter
1239 1199 1475 1304 perperam
1498 1194 1582 1281 sibi
1604 1194 1754 1282 delato
1777 1198 1865 1307 epi·

156 1319 245 1396 ctus
271 1309 463 1395 Basilius
487 1334 690 1413 magnus,
720 1308 834 1394 sicut
867 1318 911 1394 et
936 1307 982 1392 in
1033 1312 1221 1416 scopatu
1234 1333 1333 1394 sese
1348 1307 1584 1409 abdicavit,
1599 1318 1643 1394 et
1655 1314 1864 1398 continuo

156 1423 292 1509 Gallia
318 1432 497 1509 sanctam
521 1421 716 1506 Hilarius
738 1420 980 1509 Pictavien·
1033 1422 1074 1507 ei
1104 1422 1266 1528 linguae
1297 1449 1403 1508 usus
1432 1427 1602 1526 integre
1634 1423 1865 1510 restitotus

156 1537 223 1641 sis;
240 1538 285 1622 in
298 1536 430 1623 Italia
444 1561 552 1622 vero
573 1544 751 1621 sanctus
763 1535 982 1622 Eusebius
1032 1545 1112 1621 cst
1160 1535 1229 1621 Ita
1254 1536 1378 1622 Deus
1404 1535 1540 1621 latam
1566 1535 1612 1620 in
1639 1536 1865 1623 Zosimum

155 1649 463 1751 vercellensis,
517 1658 696 1736 sanctus
740 1647 981 1757 Dionysius
1033 1650 1295 1735 sententiam
1335 1661 1380 1736 et
1419 1648 1538 1736 servi
1580 1650 1649 1736 sui
1684 1650 1865 1736 Maximi

154 1761 509 1866 Mediolanensis,
538 1788 736 1849 necnon
761 1762 981 1848 Maximus
1033 1763 1311 1850 sanctitatem
1350 1762 1596 1849 manifestis
1631 1764 1762 1850 etiam
1797 1790 1865 1851 os·

153 1888 297 1964 noster
321 1877 483 1983 aliique
502 1873 609 1964 fidei
625 1880 981 1986 propugnatores
1032 1876 1165 1962 tentis
1187 1876 1424 1985 probatam
1447 1875 1604 1980 voluit,
1634 1903 1767 1985 quem
1792 1903 1863 1964 ex·

154 1990 460 2098 quamplorimi
481 1999 638 2077 contra
656 1989 854 2077 Nicanae
875 1987 981 2077 fidei
1032 1989 1117 2074 silii
1154 1989 1332 2097 quidem
1372 1990 1580 2076 aerumnis
1614 1990 1864 2080 confectum

152 2103 298 2190 hostes
325 2130 375 2190 se
391 2129 475 2213 pro
498 2129 626 2190 muro
646 2106 874 2212 opponere
891 2130 982 2191 non
1032 2101 1291 2212 jampridem
1330 2105 1376 2190 in
1410 2103 1638 2190 coelestem
1671 2108 1864 2214 patriam

153 2217 454 2305 dubitaverint.
513 2220 660 2321 Quare
706 2215 888 2321 accidit,
932 2229 981 2308 ut
1032 2216 1340 2304 advocaverat.

152 2330 299 2418 Ariani
325 2332 573 2421 Constantii
597 2331 880 2441 imperatoris
903 2360 980 2441 po·
1084 2345 1136 2448 ll.
1161 2330 1443 2419 Desiderium
1460 2330 1629 2417 animae.

153 2446 281 2532 tentia
305 2456 351 2533 et
376 2446 626 2555 patrocinio
655 2443 840 2552 suffolti,
867 2448 982 2535 sicut
1335 2459 1487 2543 Lectio
1507 2462 1560 2541 vi.

153 2559 258 2646 alios
276 2560 532 2668 complores
553 2586 577 2647 e
595 2559 783 2645 snenuh
801 2560 888 2646 illis
906 2588 978 2646 an·
1104 2583 1256 2644 acrum
1278 2560 1370 2665 eius
1395 2585 1573 2668 corpus,
1602 2561 1863 2648 Constantio

152 2672 374 2774 tistitibus,
398 2673 461 2758 ita
478 2673 720 2758 Maximum
738 2673 887 2759 mrdtis
904 2674 980 2761 diu
1033 2563 1098 2780 S
1127 2673 1219 2759 vita
1240 2673 1410 2776 iuncto,
1436 2673 1555 2760 cives
1580 2673 1864 2784 Neapolitani

152 2784 353 2874 affectum
370 2787 536 2894 injoriis
555 2786 652 2872 diro
671 2786 981 2876 mrdctaverint
1032 2812 1056 2872 c
1091 2787 1193 2873 loco
1230 2787 1371 2873 exsilii
1402 2786 1641 2896 Neapolim
1676 2796 1863 2874 transtu·

152 2901 311 2987 exsilio.
338 2902 545 3008 Dumque
559 2901 663 2989 licet
679 2900 852 2986 infirma
865 2903 979 2991 vale·
1030 2901 1137 3004 lere,
1163 2913 1213 2988 ut
1240 2901 1381 2987 sancti
1402 2902 1609 2988 antistitis
1633 2912 1677 2988 et
1700 2903 1862 3010 Marty-

150 3011 315 3114 todine,
348 3014 483 3099 animi
509 3015 759 3101 constantia
785 3013 978 3124 fideique
1030 3015 1102 3117 ris,
1118 3040 1250 3121 quem
1260 3014 1409 3100 vivum
1423 3014 1481 3101 ad
1492 3016 1724 3102 ecclesiam
1739 3043 1863 3104 suam

150 3124 307 3214 virtate
324 3127 465 3214 fretus
487 3127 633 3214 omnia
656 3127 833 3214 fortiter
851 3154 977 3240 supe·
1030 3132 1324 3215 revertentem
1337 3128 1546 3238 amplecti
1563 3133 1862 3236 nequiverant,

149 3243 280 3342 raret,
325 3242 645 3348 praevaricator
687 3240 867 3350 quidam
901 3250 975 3330 no·
1029 3239 1216 3328 reduces
1242 3242 1399 3328 saltem
1425 3242 1607 3328 exavias
1630 3241 1723 3329 laeti
1748 3249 1861 3329 cxci-

149 3353 259 3440 mine
277 3355 501 3458 Zosimus,
526 3355 703 3440 Arianis
726 3355 910 3460 artibus,
932 3357 978 3442 in
1028 3366 1202 3462 perent,
1236 3356 1356 3442 etin
1388 3355 1486 3442 aede
1518 3367 1674 3442 sancto
1706 3356 1862 3442 Fortu·

151 3465 446 3574 episcopalem
464 3470 557 3574 eius
576 3467 832 3556 cathedram
851 3480 976 3557 sumo
1027 3473 1134 3554 nato
1170 3469 1318 3556 dicata
1353 3469 1665 3556 condiderunt:
1701 3469 1861 3557 deinde

148 3577 540 3689 Neapolitanorum
562 3586 756 3670 moerore
779 3584 976 3670 introsus
1027 3607 1186 3688 magna
1211 3609 1312 3670 cum
1328 3608 1494 3691 pompa
1512 3584 1558 3668 in
1575 3582 1861 3692 Stephaniam

150 3705 222 3781 est
1026 3695 1255 3781 basilicam
1279 3695 1536 3800 intulerunt;
1564 3701 1792 3802 postremo
1815 3697 1860 3783 in

201 3813 248 3919 ll.
270 3809 523 3895 Honestum
540 3810 656 3896 fecit.
1028 3810 1213 3896 alteram
1238 3821 1393 3897 sancto
1415 3807 1649 3919 Euphebio
1676 3836 1859 3915 sacram,

457 3930 611 4012 Lectio
635 3961 671 4012 v.
1026 3923 1103 4011 ubi
1125 3925 1208 4011 sub
1232 3951 1307 4012 ara
1328 3925 1520 4011 maxima
1541 3949 1629 4011 una
1647 3950 1747 4010 cum
1765 3950 1858 4012 cor·

218 4048 237 4124 t
268 4037 509 4142 Maximus,
546 4065 602 4126 ne
636 4065 817 4146 gregem
847 4068 975 4128 suum
1025 4037 1211 4146 poribus
1254 4043 1510 4126 sanctorum
1548 4037 1771 4148 Euphebii
1814 4052 1859 4127 et

251 4152 347 4262 lupi
379 4158 567 4261 rapaces
594 4152 899 4263 dispergerent
930 4166 975 4244 et
1025 4153 1256 4240 Fortunati
1283 4180 1454 4240 summa
1476 4154 1762 4242 veneratione
1786 4159 1857 4242 co·

147 4271 406 4370 mactarent,
439 4267 485 4351 in
513 4267 670 4353 exsilio
700 4271 974 4357 constantior
1024 4266 1138 4352 litur.
1165 4268 1335 4372 Quibus
1347 4273 1578 4377 permotus
1593 4269 1697 4354 Pius
1715 4293 1858 4354 nonus

148 4379 287 4466 animo
333 4391 489 4466 contra
529 4380 712 4489 impium
747 4383 974 4468 Zosimum
1024 4380 1229 4467 Pontifex
1268 4382 1486 4467 maximus
1526 4383 1719 4468 instante
1756 4383 1856 4468 Car·

148 4491 430 4580 anethamatis
453 4494 714 4581 sententiam
731 4495 847 4597 tulit,
873 4521 974 4603 quae
1024 4491 1160 4578 dinali
1189 4495 1527 4605 archiepiscopo
1558 4494 1856 4604 Neapolitano

149 4605 322 4708 quidem
343 4609 460 4714 justo
484 4607 871 4695 animadvertentis
888 4609 974 4697 Dei
1023 4607 1184 4715 Xysto,
1208 4609 1385 4712 cultum,
1411 4635 1545 4717 quem
1561 4608 1858 4716 Neapolitana

148 4715 301 4820 iudicio
321 4746 422 4806 eum
438 4721 501 4807 ita
517 4721 717 4829 perculit
732 4733 784 4810 ut
798 4724 973 4830 quoties
1024 4721 1213 4808 ecclesia
1254 4724 1310 4811 ab
1355 4723 1670 4830 antiquissimis
1715 4746 1857 4829 usque

149 4855 291 4919 coram
320 4833 490 4944 populo
519 4861 648 4921 sacra
672 4837 821 4921 munia
847 4837 974 4924 obire
1024 4837 1300 4944 temporibus
1336 4837 1521 4924 solemni
1556 4835 1676 4922 cultu
1720 4835 1854 4922 beato

148 4943 415 5052 adgreditur,
457 4949 572 5035 inter
608 4950 826 5058 pontificii
861 4952 972 5037 sole·
1022 4948 1216 5035 Maximo
1240 4948 1447 5038 exhibere
1471 4953 1776 5055 consueverat,
1800 4976 1856 5038 ex

148 5059 257 5144 mnia
274 5061 410 5148 verba
434 5063 526 5169 ejus
548 5062 696 5169 lingua
720 5072 876 5149 contra
898 5089 972 5150 na·
1024 5088 1163 5149 sacrae
1177 5063 1542 5170 Congregationis
1556 5065 1740 5151 Rituum
1753 5090 1854 5151 con·

148 5177 253 5259 torae
270 5174 454 5261 modum
469 5176 645 5285 prolata
659 5187 783 5262 extra
801 5202 852 5262 os
869 5203 972 5286 pro·
1023 5177 1141 5263 salto
1172 5202 1288 5263 anno
1319 5179 1386 5262 sui
1417 5176 1706 5264 Pontificatus
1737 5179 1853 5284 vige·

147 5285 363 5391 tendatur,
385 5289 516 5377 bovis
539 5289 679 5377 instar
701 5291 863 5394 anheli;
889 5317 972 5379 nec
1023 5291 1136 5377 simo
1163 5291 1352 5400 septimo
1382 5291 1560 5378 ineante
1591 5291 1853 5380 auctoritate

150 5421 239 5484 eam
261 5399 487 5489 retrahere
512 5415 588 5490 aut
604 5403 741 5490 verba
764 5409 971 5512 promere
1022 5403 1284 5513 apostolica
1315 5405 1598 5514 approbavit,
1630 5415 1764 5514 atque
1796 5403 1852 5493 de

149 5513 298 5617 valeat,
314 5517 398 5602 nisi
410 5521 615 5621 egressus
627 5517 820 5621 basilica,
839 5543 972 5627 quam
1023 5519 1183 5606 eodem
1200 5518 1335 5605 beato
1353 5519 1546 5606 Maximo
1566 5519 1770 5607 Officium
1788 5546 1852 5607 re·

109 5632 114 5797 ι
150 5623 394 5718 intraverat.
418 5629 474 5718 Id
492 5657 628 5739 quum
644 5632 780 5720 toties
794 5633 973 5741 patino,
1026 5631 1193 5720 citandi
1216 5641 1262 5720 et
1284 5633 1466 5722 Missam
1489 5633 1745 5722 celebrandi
1771 5633 1853 5723 sub
