<?xml version="1.0" encoding="UTF-8"?>
<!DOCTYPE html PUBLIC "-//W3C//DTD XHTML 1.0 Transitional//EN"
    "http://www.w3.org/TR/xhtml1/DTD/xhtml1-transitional.dtd">
<html xmlns="http://www.w3.org/1999/xhtml" xml:lang="en" lang="en">
 <head>
  <title>
</title>
<meta http-equiv="Content-Type" content="text/html;charset=utf-8" />
  <meta name='ocr-system' content='tesseract 3.04.00' />
  <meta name='ocr-capabilities' content='ocr_page ocr_carea ocr_par ocr_line ocrx_word'/>
</head>
<body>
  <div class='ocr_page' id='page_1' title='image "./officiaproprias01churgoog_0056.png"; bbox 0 0 4378 6202; ppageno 0'>
   <div class='ocr_carea' id='block_1_1' title="bbox 733 535 1184 618">
    <p class='ocr_par' dir='ltr' id='par_1_1' title="bbox 733 535 1184 618">
     <span class='ocr_line' id='line_1_1' title="bbox 733 535 1184 618; baseline 0 -14"><span class='ocrx_word' id='word_1_1' title='bbox 733 609 738 618; x_wconf 70' lang='grc'>,</span> <span class='ocrx_word' id='word_1_2' title='bbox 851 537 966 606; x_wconf 84' lang='lat' dir='ltr'>Festa</span> <span class='ocrx_word' id='word_1_3' title='bbox 990 535 1105 604; x_wconf 86' lang='lat' dir='ltr'>Junii.</span> <span class='ocrx_word' id='word_1_4' title='bbox 1130 535 1184 614; x_wconf 79' lang='lat'>(3.)</span> 
     </span>
    </p>
   </div>
   <div class='ocr_carea' id='block_1_2' title="bbox 165 727 1881 5706">
    <p class='ocr_par' dir='ltr' id='par_1_2' title="bbox 165 727 1881 5706">
     <span class='ocr_line' id='line_1_2' title="bbox 174 727 1875 838; baseline -0.005 -19"><span class='ocrx_word' id='word_1_5' title='bbox 174 732 369 835; x_wconf 81' lang='lat' dir='ltr'>deduxit3</span> <span class='ocrx_word' id='word_1_6' title='bbox 401 731 584 820; x_wconf 80' lang='lat' dir='ltr'>adhaec</span> <span class='ocrx_word' id='word_1_7' title='bbox 615 757 779 818; x_wconf 92' lang='lat' dir='ltr'>novum</span> <span class='ocrx_word' id='word_1_8' title='bbox 809 731 854 815; x_wconf 91' lang='lat' dir='ltr'>in</span> <span class='ocrx_word' id='word_1_9' title='bbox 880 729 999 816; x_wconf 89' lang='lat' dir='ltr'>dicta</span> <span class='ocrx_word' id='word_1_10' title='bbox 1049 729 1365 836; x_wconf 88' lang='lat' dir='ltr'>stupendisque</span> <span class='ocrx_word' id='word_1_11' title='bbox 1394 727 1593 838; x_wconf 86' lang='lat' dir='ltr'>raptibus</span> <span class='ocrx_word' id='word_1_12' title='bbox 1624 727 1875 835; x_wconf 83' lang='lat' dir='ltr'>frequenter</span> 
     </span>
     <span class='ocr_line' id='line_1_3' title="bbox 173 841 1334 934; baseline -0.005 -2"><span class='ocrx_word' id='word_1_13' title='bbox 173 846 360 934; x_wconf 73' lang='lat' dir='ltr'>Ciuitate</span> <span class='ocrx_word' id='word_1_14' title='bbox 376 846 683 932; x_wconf 67' lang='lat' dir='ltr'>nosocomium</span> <span class='ocrx_word' id='word_1_15' title='bbox 702 870 727 930; x_wconf 90' lang='lat' dir='ltr'>c</span> <span class='ocrx_word' id='word_1_16' title='bbox 745 843 996 931; x_wconf 88' lang='lat' dir='ltr'>fundamen·</span> <span class='ocrx_word' id='word_1_17' title='bbox 1049 841 1334 930; x_wconf 87' lang='lat' dir='ltr'>afficiebatur.</span> 
     </span>
     <span class='ocr_line' id='line_1_4' title="bbox 172 956 1488 1064; baseline -0.006 -18"><span class='ocrx_word' id='word_1_18' title='bbox 172 960 226 1046; x_wconf 92' lang='lat' dir='ltr'>tis</span> <span class='ocrx_word' id='word_1_19' title='bbox 248 959 490 1046; x_wconf 87' lang='lat' dir='ltr'>excitatum</span> <span class='ocrx_word' id='word_1_20' title='bbox 514 985 606 1045; x_wconf 88' lang='lat' dir='ltr'>suae</span> <span class='ocrx_word' id='word_1_21' title='bbox 631 983 750 1045; x_wconf 86' lang='lat' dir='ltr'>curae</span> <span class='ocrx_word' id='word_1_22' title='bbox 773 957 997 1059; x_wconf 85' lang='lat' dir='ltr'>committi,</span> <span class='ocrx_word' id='word_1_23' title='bbox 1102 963 1154 1064; x_wconf 63' lang='lat' dir='ltr'>lq.</span> <span class='ocrx_word' id='word_1_24' title='bbox 1180 956 1359 1042; x_wconf 86' lang='lat' dir='ltr'>Amavit</span> <span class='ocrx_word' id='word_1_25' title='bbox 1377 981 1488 1042; x_wconf 88' lang='lat' dir='ltr'>eum.</span> 
     </span>
     <span class='ocr_line' id='line_1_5' title="bbox 171 1069 1573 1180; baseline -0.006 -22"><span class='ocrx_word' id='word_1_26' title='bbox 171 1084 214 1158; x_wconf 91' lang='lat' dir='ltr'>et</span> <span class='ocrx_word' id='word_1_27' title='bbox 235 1072 451 1180; x_wconf 81' lang='lat' dir='ltr'>plurimos</span> <span class='ocrx_word' id='word_1_28' title='bbox 475 1073 516 1158; x_wconf 90' lang='lat' dir='ltr'>ei</span> <span class='ocrx_word' id='word_1_29' title='bbox 538 1073 685 1157; x_wconf 83' lang='lat' dir='ltr'>socios</span> <span class='ocrx_word' id='word_1_30' title='bbox 711 1070 889 1179; x_wconf 83' lang='lat' dir='ltr'>adjungi</span> <span class='ocrx_word' id='word_1_31' title='bbox 911 1069 996 1155; x_wconf 91' lang='lat' dir='ltr'>dis·</span> <span class='ocrx_word' id='word_1_32' title='bbox 1327 1069 1501 1151; x_wconf 73' lang='lat' dir='ltr'>lectio</span> <span class='ocrx_word' id='word_1_33' title='bbox 1522 1071 1573 1150; x_wconf 88' lang='lat' dir='ltr'>vi.</span> 
     </span>
     <span class='ocr_line' id='line_1_6' title="bbox 170 1179 1874 1294; baseline -0.003 -22"><span class='ocrx_word' id='word_1_34' title='bbox 170 1187 333 1294; x_wconf 88' lang='lat' dir='ltr'>pesuit:</span> <span class='ocrx_word' id='word_1_35' title='bbox 354 1186 535 1273; x_wconf 89' lang='lat' dir='ltr'>tandem</span> <span class='ocrx_word' id='word_1_36' title='bbox 557 1184 801 1287; x_wconf 84' lang='lat' dir='ltr'>admonuit,</span> <span class='ocrx_word' id='word_1_37' title='bbox 824 1194 873 1270; x_wconf 91' lang='lat' dir='ltr'>ut</span> <span class='ocrx_word' id='word_1_38' title='bbox 895 1208 996 1291; x_wconf 83' lang='lat' dir='ltr'>quae</span> <span class='ocrx_word' id='word_1_39' title='bbox 1136 1208 1191 1268; x_wconf 91' lang='lat' dir='ltr'>eo</span> <span class='ocrx_word' id='word_1_40' title='bbox 1229 1182 1386 1289; x_wconf 89' lang='lat' dir='ltr'>plenus</span> <span class='ocrx_word' id='word_1_41' title='bbox 1424 1179 1542 1268; x_wconf 89' lang='lat' dir='ltr'>haud</span> <span class='ocrx_word' id='word_1_42' title='bbox 1576 1185 1752 1287; x_wconf 85' lang='lat' dir='ltr'>poterat</span> <span class='ocrx_word' id='word_1_43' title='bbox 1785 1208 1874 1268; x_wconf 93' lang='lat' dir='ltr'>non</span> 
     </span>
     <span class='ocr_line' id='line_1_7' title="bbox 169 1294 1873 1406; baseline -0.001 -23"><span class='ocrx_word' id='word_1_44' title='bbox 169 1304 438 1404; x_wconf 84' lang='lat' dir='ltr'>aegroterum</span> <span class='ocrx_word' id='word_1_45' title='bbox 466 1298 586 1386; x_wconf 94' lang='lat' dir='ltr'>bono</span> <span class='ocrx_word' id='word_1_46' title='bbox 617 1301 890 1406; x_wconf 88' lang='lat' dir='ltr'>susceperat,</span> <span class='ocrx_word' id='word_1_47' title='bbox 921 1295 996 1383; x_wconf 94' lang='lat' dir='ltr'>ob·</span> <span class='ocrx_word' id='word_1_48' title='bbox 1169 1296 1313 1381; x_wconf 91' lang='lat' dir='ltr'>Deum</span> <span class='ocrx_word' id='word_1_49' title='bbox 1347 1295 1493 1402; x_wconf 92' lang='lat' dir='ltr'>ipsum</span> <span class='ocrx_word' id='word_1_50' title='bbox 1526 1294 1571 1377; x_wconf 92' lang='lat' dir='ltr'>in</span> <span class='ocrx_word' id='word_1_51' title='bbox 1606 1294 1873 1402; x_wconf 89' lang='lat' dir='ltr'>pauperibus</span> 
     </span>
     <span class='ocr_line' id='line_1_8' title="bbox 170 1406 1874 1515; baseline -0.002 -17"><span class='ocrx_word' id='word_1_52' title='bbox 170 1411 373 1498; x_wconf 85' lang='lat' dir='ltr'>edientiae</span> <span class='ocrx_word' id='word_1_53' title='bbox 394 1414 552 1498; x_wconf 88' lang='lat' dir='ltr'>merito</span> <span class='ocrx_word' id='word_1_54' title='bbox 576 1410 828 1515; x_wconf 88' lang='lat' dir='ltr'>adornaret,</span> <span class='ocrx_word' id='word_1_55' title='bbox 854 1435 908 1495; x_wconf 92' lang='lat' dir='ltr'>ac</span> <span class='ocrx_word' id='word_1_56' title='bbox 931 1435 996 1496; x_wconf 90' lang='lat' dir='ltr'>re·</span> <span class='ocrx_word' id='word_1_57' title='bbox 1047 1408 1205 1495; x_wconf 89' lang='lat' dir='ltr'>intueri</span> <span class='ocrx_word' id='word_1_58' title='bbox 1223 1418 1268 1494; x_wconf 91' lang='lat' dir='ltr'>et</span> <span class='ocrx_word' id='word_1_59' title='bbox 1286 1407 1467 1512; x_wconf 90' lang='lat' dir='ltr'>diligere</span> <span class='ocrx_word' id='word_1_60' title='bbox 1482 1407 1557 1492; x_wconf 84' lang='lat' dir='ltr'>vix</span> <span class='ocrx_word' id='word_1_61' title='bbox 1576 1431 1628 1492; x_wconf 92' lang='lat' dir='ltr'>ac</span> <span class='ocrx_word' id='word_1_62' title='bbox 1645 1406 1874 1495; x_wconf 86' lang='lat' dir='ltr'>moderan-</span> 
     </span>
     <span class='ocr_line' id='line_1_9' title="bbox 169 1519 1875 1634; baseline -0.002 -24"><span class='ocrx_word' id='word_1_63' title='bbox 169 1549 271 1610; x_wconf 88' lang='lat' dir='ltr'>cens</span> <span class='ocrx_word' id='word_1_64' title='bbox 295 1535 402 1611; x_wconf 74' lang='lat' dir='ltr'>bunc</span> <span class='ocrx_word' id='word_1_65' title='bbox 424 1525 639 1634; x_wconf 89' lang='lat' dir='ltr'>temporis</span> <span class='ocrx_word' id='word_1_66' title='bbox 657 1524 798 1610; x_wconf 86' lang='lat' dir='ltr'>sancti</span> <span class='ocrx_word' id='word_1_67' title='bbox 815 1524 841 1607; x_wconf 90' lang='lat' dir='ltr'>J</span> <span class='ocrx_word' id='word_1_68' title='bbox 842 1524 996 1608; x_wconf 91' lang='lat' dir='ltr'>oannis</span> <span class='ocrx_word' id='word_1_69' title='bbox 1049 1521 1116 1606; x_wconf 93' lang='lat' dir='ltr'>dis</span> <span class='ocrx_word' id='word_1_70' title='bbox 1144 1521 1321 1609; x_wconf 88' lang='lat' dir='ltr'>Xeresii</span> <span class='ocrx_word' id='word_1_71' title='bbox 1346 1519 1674 1607; x_wconf 88' lang='lat' dir='ltr'>valetudinariis</span> <span class='ocrx_word' id='word_1_72' title='bbox 1702 1527 1875 1629; x_wconf 83' lang='lat' dir='ltr'>praepe·</span> 
     </span>
     <span class='ocr_line' id='line_1_10' title="bbox 168 1635 1877 1745; baseline -0.002 -21"><span class='ocrx_word' id='word_1_73' title='bbox 168 1635 223 1724; x_wconf 94' lang='lat' dir='ltr'>de</span> <span class='ocrx_word' id='word_1_74' title='bbox 246 1639 349 1724; x_wconf 93' lang='lat' dir='ltr'>Deo</span> <span class='ocrx_word' id='word_1_75' title='bbox 372 1639 626 1725; x_wconf 76' lang='lat' dir='ltr'>[nstitutum</span> <span class='ocrx_word' id='word_1_76' title='bbox 649 1638 997 1745; x_wconf 67' lang='lat' dir='ltr'><strong>amplecteretur.</strong></span> <span class='ocrx_word' id='word_1_77' title='bbox 1048 1635 1157 1722; x_wconf 87' lang='lat' dir='ltr'>situs</span> <span class='ocrx_word' id='word_1_78' title='bbox 1170 1636 1261 1723; x_wconf 86' lang='lat' dir='ltr'>luit.</span> <span class='ocrx_word' id='word_1_79' title='bbox 1280 1636 1498 1738; x_wconf 81' lang='lat' dir='ltr'><strong>Quocirca</strong></span> <span class='ocrx_word' id='word_1_80' title='bbox 1511 1638 1731 1740; x_wconf 83' lang='lat' dir='ltr'>aegrerum</span> <span class='ocrx_word' id='word_1_81' title='bbox 1744 1662 1877 1722; x_wconf 92' lang='lat' dir='ltr'>causa</span> 
     </span>
     <span class='ocr_line' id='line_1_11' title="bbox 220 1746 1875 1863; baseline -0.002 -25"><span class='ocrx_word' id='word_1_82' title='bbox 220 1759 270 1863; x_wconf 63' lang='lat' dir='ltr'>lt.</span> <span class='ocrx_word' id='word_1_83' title='bbox 300 1753 551 1840; x_wconf 86' lang='lat' dir='ltr'>Honestum</span> <span class='ocrx_word' id='word_1_84' title='bbox 567 1752 681 1840; x_wconf 87' lang='lat' dir='ltr'>fecit.</span> <span class='ocrx_word' id='word_1_85' title='bbox 1048 1749 1243 1834; x_wconf 88' lang='lat' dir='ltr'>ostiatim</span> <span class='ocrx_word' id='word_1_86' title='bbox 1260 1747 1550 1850; x_wconf 67' lang='lat' dir='ltr'>emendicare,</span> <span class='ocrx_word' id='word_1_87' title='bbox 1571 1749 1662 1834; x_wconf 90' lang='lat' dir='ltr'>suis</span> <span class='ocrx_word' id='word_1_88' title='bbox 1679 1748 1780 1834; x_wconf 89' lang='lat' dir='ltr'>illos</span> <span class='ocrx_word' id='word_1_89' title='bbox 1798 1746 1875 1834; x_wconf 88' lang='lat' dir='ltr'>hu·</span> 
     </span>
     <span class='ocr_line' id='line_1_12' title="bbox 478 1860 1877 1973; baseline -0.002 -23"><span class='ocrx_word' id='word_1_90' title='bbox 478 1871 629 1954; x_wconf 85' lang='lat' dir='ltr'>Lectio</span> <span class='ocrx_word' id='word_1_91' title='bbox 649 1898 687 1952; x_wconf 92' lang='lat' dir='ltr'>v.</span> <span class='ocrx_word' id='word_1_92' title='bbox 1016 1913 1018 1918; x_wconf 87' lang='lat'>·</span> <span class='ocrx_word' id='word_1_93' title='bbox 1047 1864 1179 1948; x_wconf 88' lang='lat' dir='ltr'>meris</span> <span class='ocrx_word' id='word_1_94' title='bbox 1196 1860 1453 1962; x_wconf 89' lang='lat' dir='ltr'>convehere,</span> <span class='ocrx_word' id='word_1_95' title='bbox 1472 1860 1657 1946; x_wconf 85' lang='lat' dir='ltr'>lectulos</span> <span class='ocrx_word' id='word_1_96' title='bbox 1671 1865 1877 1973; x_wconf 85' lang='lat' dir='ltr'>sternere,</span> 
     </span>
     <span class='ocr_line' id='line_1_13' title="bbox 170 1947 1876 2196; baseline -0.002 -132"><span class='ocrx_word' id='word_1_97' title='bbox 170 1947 478 2196; x_wconf 72' lang='lat' dir='ltr'>Quisverbis</span> <span class='ocrx_word' id='word_1_98' title='bbox 488 1978 705 2086; x_wconf 86' lang='lat' dir='ltr'>exprimat</span> <span class='ocrx_word' id='word_1_99' title='bbox 714 1975 996 2080; x_wconf 88' lang='lat' dir='ltr'>alacritatem,</span> <span class='ocrx_word' id='word_1_100' title='bbox 1048 1974 1301 2062; x_wconf 86' lang='lat' dir='ltr'>vulneribus</span> <span class='ocrx_word' id='word_1_101' title='bbox 1324 1974 1396 2060; x_wconf 89' lang='lat' dir='ltr'>vel</span> <span class='ocrx_word' id='word_1_102' title='bbox 1419 1973 1673 2060; x_wconf 82' lang='lat' dir='ltr'>foedissimis</span> <span class='ocrx_word' id='word_1_103' title='bbox 1697 1975 1876 2079; x_wconf 82' lang='lat' dir='ltr'>mederi,</span> 
     </span>
     <span class='ocr_line' id='line_1_14' title="bbox 276 2085 1876 2200; baseline -0.003 -24"><span class='ocrx_word' id='word_1_104' title='bbox 276 2117 367 2200; x_wconf 93' lang='lat' dir='ltr'>qua</span> <span class='ocrx_word' id='word_1_105' title='bbox 383 2093 484 2177; x_wconf 91' lang='lat' dir='ltr'>Deo</span> <span class='ocrx_word' id='word_1_106' title='bbox 508 2089 686 2177; x_wconf 86' lang='lat' dir='ltr'>vocanti</span> <span class='ocrx_word' id='word_1_107' title='bbox 705 2089 731 2172; x_wconf 90' lang='lat' dir='ltr'>J</span> <span class='ocrx_word' id='word_1_108' title='bbox 733 2093 899 2175; x_wconf 85' lang='lat' dir='ltr'>oannes</span> <span class='ocrx_word' id='word_1_109' title='bbox 921 2093 996 2196; x_wconf 90' lang='lat' dir='ltr'>pa·</span> <span class='ocrx_word' id='word_1_110' title='bbox 1047 2115 1160 2173; x_wconf 94' lang='lat' dir='ltr'>unus</span> <span class='ocrx_word' id='word_1_111' title='bbox 1196 2086 1398 2174; x_wconf 82' lang='lat' dir='ltr'>amnibus</span> <span class='ocrx_word' id='word_1_112' title='bbox 1435 2085 1592 2174; x_wconf 89' lang='lat' dir='ltr'>adesse</span> <span class='ocrx_word' id='word_1_113' title='bbox 1628 2087 1673 2172; x_wconf 92' lang='lat' dir='ltr'>in</span> <span class='ocrx_word' id='word_1_114' title='bbox 1709 2086 1876 2174; x_wconf 91' lang='lat' dir='ltr'>deliciis</span> 
     </span>
     <span class='ocr_line' id='line_1_15' title="bbox 167 2199 1877 2310; baseline -0.001 -22"><span class='ocrx_word' id='word_1_115' title='bbox 167 2202 277 2290; x_wconf 80' lang='lat' dir='ltr'>ruit?</span> <span class='ocrx_word' id='word_1_116' title='bbox 321 2205 561 2290; x_wconf 88' lang='lat' dir='ltr'>Granatam</span> <span class='ocrx_word' id='word_1_117' title='bbox 584 2201 825 2304; x_wconf 89' lang='lat' dir='ltr'>advolavit,</span> <span class='ocrx_word' id='word_1_118' title='bbox 847 2201 997 2310; x_wconf 83' lang='lat' dir='ltr'>ibique</span> <span class='ocrx_word' id='word_1_119' title='bbox 1046 2199 1212 2289; x_wconf 83' lang='lat' dir='ltr'>habuit</span> <span class='ocrx_word' id='word_1_120' title='bbox 1264 2201 1380 2287; x_wconf 92' lang='lat' dir='ltr'>Tum</span> <span class='ocrx_word' id='word_1_121' title='bbox 1409 2211 1535 2288; x_wconf 88' lang='lat' dir='ltr'>extra</span> <span class='ocrx_word' id='word_1_122' title='bbox 1558 2199 1877 2288; x_wconf 84' lang='lat' dir='ltr'>valetudinaria</span> 
     </span>
     <span class='ocr_line' id='line_1_16' title="bbox 168 2311 1876 2423; baseline -0.003 -19"><span class='ocrx_word' id='word_1_123' title='bbox 168 2343 266 2404; x_wconf 86' lang='lat' dir='ltr'>cum</span> <span class='ocrx_word' id='word_1_124' title='bbox 306 2318 438 2404; x_wconf 81' lang='lat' dir='ltr'>sociis</span> <span class='ocrx_word' id='word_1_125' title='bbox 478 2314 632 2402; x_wconf 92' lang='lat' dir='ltr'>habitu</span> <span class='ocrx_word' id='word_1_126' title='bbox 665 2315 783 2401; x_wconf 89' lang='lat' dir='ltr'>illius</span> <span class='ocrx_word' id='word_1_127' title='bbox 819 2315 997 2402; x_wconf 85' lang='lat' dir='ltr'>Ordinis</span> <span class='ocrx_word' id='word_1_128' title='bbox 1049 2341 1177 2401; x_wconf 89' lang='lat' dir='ltr'>curas</span> <span class='ocrx_word' id='word_1_129' title='bbox 1201 2314 1448 2423; x_wconf 81' lang='lat' dir='ltr'>preferens,</span> <span class='ocrx_word' id='word_1_130' title='bbox 1473 2318 1652 2401; x_wconf 89' lang='lat' dir='ltr'>carcerc</span> <span class='ocrx_word' id='word_1_131' title='bbox 1677 2311 1876 2418; x_wconf 86' lang='lat' dir='ltr'>detentis,</span> 
     </span>
     <span class='ocr_line' id='line_1_17' title="bbox 167 2424 1876 2541; baseline -0.002 -25"><span class='ocrx_word' id='word_1_132' title='bbox 167 2436 395 2541; x_wconf 85' lang='lat' dir='ltr'>suscepto,</span> <span class='ocrx_word' id='word_1_133' title='bbox 426 2430 611 2516; x_wconf 78' lang='lat' dir='ltr'>solemni</span> <span class='ocrx_word' id='word_1_134' title='bbox 644 2454 693 2514; x_wconf 90' lang='lat' dir='ltr'>se</span> <span class='ocrx_word' id='word_1_135' title='bbox 720 2432 996 2514; x_wconf 91' lang='lat' dir='ltr'>sacramento</span> <span class='ocrx_word' id='word_1_136' title='bbox 1048 2427 1208 2536; x_wconf 76' lang='lat' dir='ltr'>puellis</span> <span class='ocrx_word' id='word_1_137' title='bbox 1228 2425 1593 2536; x_wconf 85' lang='lat' dir='ltr'>periclitantibus,</span> <span class='ocrx_word' id='word_1_138' title='bbox 1616 2424 1775 2528; x_wconf 88' lang='lat' dir='ltr'>viduis,</span> <span class='ocrx_word' id='word_1_139' title='bbox 1798 2454 1876 2535; x_wconf 94' lang='lat' dir='ltr'>pu·</span> 
     </span>
     <span class='ocr_line' id='line_1_18' title="bbox 166 2539 1876 2650; baseline -0.004 -20"><span class='ocrx_word' id='word_1_140' title='bbox 166 2546 380 2631; x_wconf 83' lang='lat' dir='ltr'>astrinxit.</span> <span class='ocrx_word' id='word_1_141' title='bbox 419 2544 602 2630; x_wconf 88' lang='lat' dir='ltr'>Relictis</span> <span class='ocrx_word' id='word_1_142' title='bbox 627 2543 765 2628; x_wconf 90' lang='lat' dir='ltr'>semel</span> <span class='ocrx_word' id='word_1_143' title='bbox 790 2540 922 2628; x_wconf 92' lang='lat' dir='ltr'>rebus</span> <span class='ocrx_word' id='word_1_144' title='bbox 952 2546 997 2628; x_wconf 91' lang='grc' dir='ltr'>ό·</span> <span class='ocrx_word' id='word_1_145' title='bbox 1049 2541 1186 2650; x_wconf 90' lang='lat' dir='ltr'>pillis,</span> <span class='ocrx_word' id='word_1_146' title='bbox 1221 2541 1370 2647; x_wconf 80' lang='lat' dir='ltr'>egenis</span> <span class='ocrx_word' id='word_1_147' title='bbox 1407 2539 1757 2647; x_wconf 83' lang='lat' dir='ltr'>quibuscumque</span> <span class='ocrx_word' id='word_1_148' title='bbox 1787 2566 1876 2627; x_wconf 92' lang='lat' dir='ltr'>non</span> 
     </span>
     <span class='ocr_line' id='line_1_19' title="bbox 166 2652 1876 2766; baseline -0.004 -22"><span class='ocrx_word' id='word_1_149' title='bbox 166 2657 353 2762; x_wconf 88' lang='lat' dir='ltr'>mnibus,</span> <span class='ocrx_word' id='word_1_150' title='bbox 366 2657 418 2742; x_wconf 92' lang='lat' dir='ltr'>iis</span> <span class='ocrx_word' id='word_1_151' title='bbox 430 2659 648 2766; x_wconf 91' lang='lat' dir='ltr'>perpetuo</span> <span class='ocrx_word' id='word_1_152' title='bbox 663 2658 814 2742; x_wconf 89' lang='lat' dir='ltr'>carere</span> <span class='ocrx_word' id='word_1_153' title='bbox 828 2681 999 2740; x_wconf 89' lang='lat' dir='ltr'>summa</span> <span class='ocrx_word' id='word_1_154' title='bbox 1049 2655 1250 2763; x_wconf 86' lang='lat' dir='ltr'>corporis</span> <span class='ocrx_word' id='word_1_155' title='bbox 1293 2664 1464 2741; x_wconf 88' lang='lat' dir='ltr'>tantum</span> <span class='ocrx_word' id='word_1_156' title='bbox 1507 2654 1588 2741; x_wconf 90' lang='lat' dir='ltr'>sed</span> <span class='ocrx_word' id='word_1_157' title='bbox 1631 2663 1677 2740; x_wconf 88' lang='lat' dir='ltr'>et</span> <span class='ocrx_word' id='word_1_158' title='bbox 1721 2652 1876 2739; x_wconf 89' lang='lat' dir='ltr'>animae</span> 
     </span>
     <span class='ocr_line' id='line_1_20' title="bbox 165 2765 1877 2877; baseline 0.001 -25"><span class='ocrx_word' id='word_1_159' title='bbox 165 2770 379 2876; x_wconf 82' lang='lat' dir='ltr'>religione</span> <span class='ocrx_word' id='word_1_160' title='bbox 403 2769 553 2855; x_wconf 82' lang='lat' dir='ltr'>voluit.</span> <span class='ocrx_word' id='word_1_161' title='bbox 606 2769 712 2875; x_wconf 78' lang='lat' dir='ltr'>Eius</span> <span class='ocrx_word' id='word_1_162' title='bbox 739 2768 997 2854; x_wconf 84' lang='lat' dir='ltr'>castimonia</span> <span class='ocrx_word' id='word_1_163' title='bbox 1048 2767 1256 2877; x_wconf 90' lang='lat' dir='ltr'>praesidia</span> <span class='ocrx_word' id='word_1_164' title='bbox 1293 2765 1626 2876; x_wconf 88' lang='lat' dir='ltr'>suppeditabat;</span> <span class='ocrx_word' id='word_1_165' title='bbox 1671 2766 1784 2854; x_wconf 92' lang='lat' dir='ltr'>adeo</span> <span class='ocrx_word' id='word_1_166' title='bbox 1828 2776 1877 2853; x_wconf 92' lang='lat' dir='ltr'>ut</span> 
     </span>
     <span class='ocr_line' id='line_1_21' title="bbox 166 2878 1877 2992; baseline -0.002 -22"><span class='ocrx_word' id='word_1_167' title='bbox 166 2883 351 2990; x_wconf 81' lang='lat' dir='ltr'>Angelis</span> <span class='ocrx_word' id='word_1_168' title='bbox 377 2907 519 2992; x_wconf 88' lang='lat' dir='ltr'>prope</span> <span class='ocrx_word' id='word_1_169' title='bbox 546 2880 679 2986; x_wconf 89' lang='lat' dir='ltr'>digna</span> <span class='ocrx_word' id='word_1_170' title='bbox 707 2881 803 2966; x_wconf 88' lang='lat' dir='ltr'>visa</span> <span class='ocrx_word' id='word_1_171' title='bbox 829 2892 913 2986; x_wconf 89' lang='lat' dir='ltr'>est;</span> <span class='ocrx_word' id='word_1_172' title='bbox 940 2880 998 2969; x_wconf 90' lang='lat' dir='ltr'>ad</span> <span class='ocrx_word' id='word_1_173' title='bbox 1049 2882 1300 2990; x_wconf 86' lang='lat' dir='ltr'>complures</span> <span class='ocrx_word' id='word_1_174' title='bbox 1346 2907 1370 2968; x_wconf 96' lang='lat' dir='ltr'>e</span> <span class='ocrx_word' id='word_1_175' title='bbox 1405 2881 1613 2968; x_wconf 82' lang='lat' dir='ltr'>vitiorum</span> <span class='ocrx_word' id='word_1_176' title='bbox 1656 2899 1784 2970; x_wconf 86' lang='lat' dir='ltr'>coeno</span> <span class='ocrx_word' id='word_1_177' title='bbox 1820 2878 1877 2967; x_wconf 94' lang='lat' dir='ltr'>ad</span> 
     </span>
     <span class='ocr_line' id='line_1_22' title="bbox 167 2992 1876 3105; baseline -0.002 -22"><span class='ocrx_word' id='word_1_178' title='bbox 167 3024 301 3105; x_wconf 91' lang='lat' dir='ltr'>quam</span> <span class='ocrx_word' id='word_1_179' title='bbox 328 3005 483 3082; x_wconf 89' lang='lat' dir='ltr'>contra</span> <span class='ocrx_word' id='word_1_180' title='bbox 506 2995 758 3082; x_wconf 63' lang='lat' dir='ltr'>dae&#39;monum</span> <span class='ocrx_word' id='word_1_181' title='bbox 781 3004 826 3080; x_wconf 92' lang='lat' dir='ltr'>ct</span> <span class='ocrx_word' id='word_1_182' title='bbox 849 2993 996 3079; x_wconf 92' lang='lat' dir='ltr'>mulie·</span> <span class='ocrx_word' id='word_1_183' title='bbox 1050 2999 1228 3082; x_wconf 87' lang='lat' dir='ltr'>aeternae</span> <span class='ocrx_word' id='word_1_184' title='bbox 1261 2993 1546 3083; x_wconf 81' lang='lat' dir='ltr'>beatitudinis</span> <span class='ocrx_word' id='word_1_185' title='bbox 1584 2992 1778 3081; x_wconf 84' lang='lat' dir='ltr'>studium</span> <span class='ocrx_word' id='word_1_186' title='bbox 1813 3019 1876 3080; x_wconf 91' lang='lat' dir='ltr'>re·</span> 
     </span>
     <span class='ocr_line' id='line_1_23' title="bbox 165 3105 1877 3215; baseline -0.001 -19"><span class='ocrx_word' id='word_1_187' title='bbox 165 3137 260 3196; x_wconf 91' lang='lat' dir='ltr'>rum</span> <span class='ocrx_word' id='word_1_188' title='bbox 299 3108 481 3197; x_wconf 87' lang='lat' dir='ltr'>insidias</span> <span class='ocrx_word' id='word_1_189' title='bbox 515 3108 778 3194; x_wconf 86' lang='lat' dir='ltr'>servandam</span> <span class='ocrx_word' id='word_1_190' title='bbox 809 3105 997 3215; x_wconf 92' lang='lat' dir='ltr'>peculia·</span> <span class='ocrx_word' id='word_1_191' title='bbox 1049 3113 1241 3196; x_wconf 89' lang='lat' dir='ltr'>vocaret.</span> <span class='ocrx_word' id='word_1_192' title='bbox 1269 3111 1413 3214; x_wconf 89' lang='lat' dir='ltr'>Quum</span> <span class='ocrx_word' id='word_1_193' title='bbox 1427 3107 1524 3195; x_wconf 88' lang='lat' dir='ltr'>dira</span> <span class='ocrx_word' id='word_1_194' title='bbox 1538 3108 1676 3195; x_wconf 87' lang='lat' dir='ltr'>fames</span> <span class='ocrx_word' id='word_1_195' title='bbox 1690 3105 1749 3196; x_wconf 95' lang='lat' dir='ltr'>ob</span> <span class='ocrx_word' id='word_1_196' title='bbox 1764 3134 1877 3194; x_wconf 93' lang='lat' dir='ltr'>sum·</span> 
     </span>
     <span class='ocr_line' id='line_1_24' title="bbox 165 3219 1878 3329; baseline 0.001 -24"><span class='ocrx_word' id='word_1_197' title='bbox 165 3248 257 3310; x_wconf 91' lang='lat' dir='ltr'>rem</span> <span class='ocrx_word' id='word_1_198' title='bbox 266 3225 490 3329; x_wconf 85' lang='lat' dir='ltr'>Dciparae,</span> <span class='ocrx_word' id='word_1_199' title='bbox 500 3220 526 3306; x_wconf 88' lang='lat' dir='ltr'>J</span> <span class='ocrx_word' id='word_1_200' title='bbox 527 3222 681 3308; x_wconf 91' lang='lat' dir='ltr'>oannis</span> <span class='ocrx_word' id='word_1_201' title='bbox 690 3219 997 3324; x_wconf 88' lang='lat' dir='ltr'>Evangelistae,</span> <span class='ocrx_word' id='word_1_202' title='bbox 1048 3247 1166 3309; x_wconf 92' lang='lat' dir='ltr'>mam</span> <span class='ocrx_word' id='word_1_203' title='bbox 1210 3226 1395 3309; x_wconf 82' lang='lat' dir='ltr'>annonae</span> <span class='ocrx_word' id='word_1_204' title='bbox 1439 3223 1666 3309; x_wconf 90' lang='lat' dir='ltr'>caritatem</span> <span class='ocrx_word' id='word_1_205' title='bbox 1702 3221 1878 3309; x_wconf 86' lang='lat' dir='ltr'>Xeresii</span> 
     </span>
     <span class='ocr_line' id='line_1_25' title="bbox 166 3332 1877 3446; baseline -0.001 -23"><span class='ocrx_word' id='word_1_206' title='bbox 166 3347 301 3446; x_wconf 89' lang='lat' dir='ltr'>atque</span> <span class='ocrx_word' id='word_1_207' title='bbox 326 3337 513 3442; x_wconf 83' lang='lat' dir='ltr'>Agnetis</span> <span class='ocrx_word' id='word_1_208' title='bbox 539 3335 733 3440; x_wconf 91' lang='lat' dir='ltr'>Virginis</span> <span class='ocrx_word' id='word_1_209' title='bbox 764 3345 809 3420; x_wconf 91' lang='lat' dir='ltr'>et</span> <span class='ocrx_word' id='word_1_210' title='bbox 835 3332 997 3442; x_wconf 88' lang='lat' dir='ltr'>Marty-</span> <span class='ocrx_word' id='word_1_211' title='bbox 1049 3340 1339 3443; x_wconf 84' lang='lat' dir='ltr'>grassaretur,</span> <span class='ocrx_word' id='word_1_212' title='bbox 1360 3361 1518 3441; x_wconf 90' lang='lat' dir='ltr'>magna</span> <span class='ocrx_word' id='word_1_213' title='bbox 1540 3337 1668 3445; x_wconf 89' lang='lat' dir='ltr'>panis</span> <span class='ocrx_word' id='word_1_214' title='bbox 1690 3337 1735 3421; x_wconf 87' lang='lat' dir='ltr'>vi</span> <span class='ocrx_word' id='word_1_215' title='bbox 1757 3361 1877 3445; x_wconf 90' lang='lat' dir='ltr'>saepe</span> 
     </span>
     <span class='ocr_line' id='line_1_26' title="bbox 165 3447 1878 3558; baseline 0.001 -23"><span class='ocrx_word' id='word_1_216' title='bbox 165 3450 241 3552; x_wconf 91' lang='lat' dir='ltr'>ris,</span> <span class='ocrx_word' id='word_1_217' title='bbox 266 3448 428 3558; x_wconf 88' lang='lat' dir='ltr'>quibus</span> <span class='ocrx_word' id='word_1_218' title='bbox 450 3448 709 3536; x_wconf 91' lang='lat' dir='ltr'>munditiam</span> <span class='ocrx_word' id='word_1_219' title='bbox 728 3473 851 3532; x_wconf 91' lang='lat' dir='ltr'>suam</span> <span class='ocrx_word' id='word_1_220' title='bbox 870 3451 997 3533; x_wconf 84' lang='lat' dir='ltr'>enixe</span> <span class='ocrx_word' id='word_1_221' title='bbox 1050 3451 1181 3536; x_wconf 87' lang='lat' dir='ltr'>etiam</span> <span class='ocrx_word' id='word_1_222' title='bbox 1203 3475 1284 3557; x_wconf 91' lang='lat' dir='ltr'>per</span> <span class='ocrx_word' id='word_1_223' title='bbox 1304 3447 1556 3558; x_wconf 88' lang='lat' dir='ltr'>prodigium</span> <span class='ocrx_word' id='word_1_224' title='bbox 1578 3448 1878 3558; x_wconf 87' lang='lat' dir='ltr'>multiplicata,</span> 
     </span>
     <span class='ocr_line' id='line_1_27' title="bbox 167 3561 1877 3669; baseline 0 -21"><span class='ocrx_word' id='word_1_225' title='bbox 167 3562 571 3666; x_wconf 90' lang='lat' dir='ltr'>commendaverat,</span> <span class='ocrx_word' id='word_1_226' title='bbox 596 3571 665 3648; x_wconf 88' lang='lat' dir='ltr'>cst</span> <span class='ocrx_word' id='word_1_227' title='bbox 689 3585 821 3669; x_wconf 91' lang='lat' dir='ltr'>opem</span> <span class='ocrx_word' id='word_1_228' title='bbox 845 3564 996 3668; x_wconf 87' lang='lat' dir='ltr'>exper-</span> <span class='ocrx_word' id='word_1_229' title='bbox 1050 3561 1291 3649; x_wconf 88' lang='lat' dir='ltr'>esurientes</span> <span class='ocrx_word' id='word_1_230' title='bbox 1311 3561 1509 3669; x_wconf 89' lang='lat' dir='ltr'>quotidie</span> <span class='ocrx_word' id='word_1_231' title='bbox 1526 3561 1689 3648; x_wconf 83' lang='lat' dir='ltr'>refecit.</span> <span class='ocrx_word' id='word_1_232' title='bbox 1714 3561 1810 3648; x_wconf 89' lang='lat' dir='ltr'>Nec</span> <span class='ocrx_word' id='word_1_233' title='bbox 1825 3587 1877 3648; x_wconf 91' lang='lat' dir='ltr'>ea</span> 
     </span>
     <span class='ocr_line' id='line_1_28' title="bbox 167 3671 1878 3785; baseline -0.001 -24"><span class='ocrx_word' id='word_1_234' title='bbox 167 3685 248 3761; x_wconf 88' lang='lat' dir='ltr'>tus</span> <span class='ocrx_word' id='word_1_235' title='bbox 289 3671 600 3762; x_wconf 86' lang='lat' dir='ltr'>Obedientiam</span> <span class='ocrx_word' id='word_1_236' title='bbox 617 3674 776 3760; x_wconf 87' lang='lat' dir='ltr'>ceteris</span> <span class='ocrx_word' id='word_1_237' title='bbox 795 3673 998 3758; x_wconf 82' lang='lat' dir='ltr'>omnibus</span> <span class='ocrx_word' id='word_1_238' title='bbox 1049 3677 1172 3761; x_wconf 88' lang='lat' dir='ltr'>satis:</span> <span class='ocrx_word' id='word_1_239' title='bbox 1195 3701 1298 3760; x_wconf 93' lang='lat' dir='ltr'>nam</span> <span class='ocrx_word' id='word_1_240' title='bbox 1317 3676 1469 3785; x_wconf 83' lang='lat' dir='ltr'>pejore</span> <span class='ocrx_word' id='word_1_241' title='bbox 1486 3673 1604 3759; x_wconf 91' lang='lat' dir='ltr'>malo</span> <span class='ocrx_word' id='word_1_242' title='bbox 1621 3675 1754 3783; x_wconf 93' lang='lat' dir='ltr'>paulo</span> <span class='ocrx_word' id='word_1_243' title='bbox 1773 3683 1878 3783; x_wconf 88' lang='lat' dir='ltr'>post</span> 
     </span>
     <span class='ocr_line' id='line_1_29' title="bbox 167 3783 1876 3897; baseline 0 -25"><span class='ocrx_word' id='word_1_244' title='bbox 167 3787 384 3875; x_wconf 79' lang='lat' dir='ltr'>antetrdit</span> <span class='ocrx_word' id='word_1_245' title='bbox 436 3787 507 3875; x_wconf 91' lang='lat' dir='ltr'>Ab</span> <span class='ocrx_word' id='word_1_246' title='bbox 543 3788 825 3890; x_wconf 85' lang='lat' dir='ltr'>adolescente</span> <span class='ocrx_word' id='word_1_247' title='bbox 861 3783 998 3890; x_wconf 84' lang='lat' dir='ltr'>funes,</span> <span class='ocrx_word' id='word_1_248' title='bbox 1037 3790 1274 3876; x_wconf 89' lang='lat' dir='ltr'>civitatem</span> <span class='ocrx_word' id='word_1_249' title='bbox 1304 3787 1623 3897; x_wconf 82' lang='lat' dir='ltr'>depopulante,</span> <span class='ocrx_word' id='word_1_250' title='bbox 1654 3788 1727 3873; x_wconf 91' lang='lat' dir='ltr'>lue</span> <span class='ocrx_word' id='word_1_251' title='bbox 1755 3787 1876 3872; x_wconf 90' lang='lat' dir='ltr'>nimi·</span> 
     </span>
     <span class='ocr_line' id='line_1_30' title="bbox 167 3899 1877 4010; baseline -0.002 -21"><span class='ocrx_word' id='word_1_252' title='bbox 167 3906 366 4004; x_wconf 89' lang='lat' dir='ltr'>catenas,</span> <span class='ocrx_word' id='word_1_253' title='bbox 402 3901 545 3988; x_wconf 93' lang='lat' dir='ltr'>cilicia</span> <span class='ocrx_word' id='word_1_254' title='bbox 577 3903 624 3988; x_wconf 94' lang='lat' dir='ltr'>in</span> <span class='ocrx_word' id='word_1_255' title='bbox 658 3900 727 3986; x_wconf 91' lang='lat' dir='ltr'>sui</span> <span class='ocrx_word' id='word_1_256' title='bbox 757 3899 999 3986; x_wconf 89' lang='lat' dir='ltr'>cruciatum</span> <span class='ocrx_word' id='word_1_257' title='bbox 1049 3927 1147 3987; x_wconf 90' lang='lat' dir='ltr'>rum</span> <span class='ocrx_word' id='word_1_258' title='bbox 1169 3903 1411 4004; x_wconf 89' lang='lat' dir='ltr'>teterrima,</span> <span class='ocrx_word' id='word_1_259' title='bbox 1438 3927 1495 3987; x_wconf 84' lang='lat' dir='ltr'>ex</span> <span class='ocrx_word' id='word_1_260' title='bbox 1522 3927 1609 4010; x_wconf 91' lang='lat' dir='ltr'>qua</span> <span class='ocrx_word' id='word_1_261' title='bbox 1633 3926 1790 4008; x_wconf 90' lang='lat' dir='ltr'>magna</span> <span class='ocrx_word' id='word_1_262' title='bbox 1816 3899 1877 3984; x_wconf 94' lang='lat' dir='ltr'>in·</span> 
     </span>
     <span class='ocr_line' id='line_1_31' title="bbox 167 4012 1877 4120; baseline 0 -21"><span class='ocrx_word' id='word_1_263' title='bbox 167 4013 380 4102; x_wconf 77' lang='lat' dir='ltr'>adhibuit.</span> <span class='ocrx_word' id='word_1_264' title='bbox 438 4014 715 4120; x_wconf 82' lang='lat' dir='ltr'>Religionem</span> <span class='ocrx_word' id='word_1_265' title='bbox 763 4012 998 4118; x_wconf 87' lang='lat' dir='ltr'>ingressus,</span> <span class='ocrx_word' id='word_1_266' title='bbox 1050 4016 1246 4102; x_wconf 84' lang='lat' dir='ltr'>celarum</span> <span class='ocrx_word' id='word_1_267' title='bbox 1263 4015 1509 4102; x_wconf 83' lang='lat' dir='ltr'>imminutio</span> <span class='ocrx_word' id='word_1_268' title='bbox 1527 4015 1663 4118; x_wconf 81' lang='lat' dir='ltr'>fieret,</span> <span class='ocrx_word' id='word_1_269' title='bbox 1686 4013 1711 4098; x_wconf 87' lang='lat' dir='ltr'>J</span> <span class='ocrx_word' id='word_1_270' title='bbox 1712 4017 1877 4101; x_wconf 89' lang='lat' dir='ltr'>oannes</span> 
     </span>
     <span class='ocr_line' id='line_1_32' title="bbox 167 4123 1878 4237; baseline 0.001 -25"><span class='ocrx_word' id='word_1_271' title='bbox 167 4128 239 4212; x_wconf 90' lang='lat' dir='ltr'>vili</span> <span class='ocrx_word' id='word_1_272' title='bbox 281 4127 494 4231; x_wconf 88' lang='lat' dir='ltr'>obsenio,</span> <span class='ocrx_word' id='word_1_273' title='bbox 539 4127 785 4235; x_wconf 89' lang='lat' dir='ltr'>eodemque</span> <span class='ocrx_word' id='word_1_274' title='bbox 820 4123 997 4211; x_wconf 84' lang='lat' dir='ltr'>medico</span> <span class='ocrx_word' id='word_1_275' title='bbox 1049 4138 1194 4216; x_wconf 90' lang='lat' dir='ltr'>totae</span> <span class='ocrx_word' id='word_1_276' title='bbox 1218 4137 1342 4214; x_wconf 88' lang='lat' dir='ltr'>tanta</span> <span class='ocrx_word' id='word_1_277' title='bbox 1368 4154 1453 4237; x_wconf 93' lang='lat' dir='ltr'>pro</span> <span class='ocrx_word' id='word_1_278' title='bbox 1480 4128 1687 4213; x_wconf 83' lang='lat' dir='ltr'>fratribus</span> <span class='ocrx_word' id='word_1_279' title='bbox 1713 4125 1878 4236; x_wconf 90' lang='lat' dir='ltr'>ubique</span> 
     </span>
     <span class='ocr_line' id='line_1_33' title="bbox 168 4236 1877 4352; baseline 0.001 -26"><span class='ocrx_word' id='word_1_280' title='bbox 168 4246 403 4327; x_wconf 89' lang='lat' dir='ltr'>contentus</span> <span class='ocrx_word' id='word_1_281' title='bbox 431 4239 527 4344; x_wconf 85' lang='lat' dir='ltr'>fuit;</span> <span class='ocrx_word' id='word_1_282' title='bbox 557 4241 692 4327; x_wconf 91' lang='lat' dir='ltr'>imm0</span> <span class='ocrx_word' id='word_1_283' title='bbox 719 4238 868 4348; x_wconf 89' lang='lat' dir='ltr'>plures</span> <span class='ocrx_word' id='word_1_284' title='bbox 895 4236 997 4324; x_wconf 91' lang='lat' dir='ltr'>heb·</span> <span class='ocrx_word' id='word_1_285' title='bbox 1049 4242 1256 4350; x_wconf 86' lang='lat' dir='ltr'>patravit,</span> <span class='ocrx_word' id='word_1_286' title='bbox 1279 4251 1329 4327; x_wconf 91' lang='lat' dir='ltr'>ut</span> <span class='ocrx_word' id='word_1_287' title='bbox 1346 4246 1555 4352; x_wconf 90' lang='lat' dir='ltr'>portento</span> <span class='ocrx_word' id='word_1_288' title='bbox 1579 4241 1736 4326; x_wconf 87' lang='lat' dir='ltr'>similia</span> <span class='ocrx_word' id='word_1_289' title='bbox 1760 4240 1877 4328; x_wconf 88' lang='lat' dir='ltr'>vide·</span> 
     </span>
     <span class='ocr_line' id='line_1_34' title="bbox 169 4351 1877 4462; baseline 0 -24"><span class='ocrx_word' id='word_1_290' title='bbox 169 4351 374 4440; x_wconf 83' lang='lat' dir='ltr'>domadae</span> <span class='ocrx_word' id='word_1_291' title='bbox 393 4352 487 4440; x_wconf 87' lang='lat' dir='ltr'>dies</span> <span class='ocrx_word' id='word_1_292' title='bbox 505 4356 671 4462; x_wconf 84' lang='lat' dir='ltr'>jejunus</span> <span class='ocrx_word' id='word_1_293' title='bbox 684 4353 910 4457; x_wconf 87' lang='lat' dir='ltr'>transegit;</span> <span class='ocrx_word' id='word_1_294' title='bbox 930 4376 998 4437; x_wconf 90' lang='lat' dir='ltr'>so·</span> <span class='ocrx_word' id='word_1_295' title='bbox 1050 4360 1211 4442; x_wconf 90' lang='lat' dir='ltr'>rentur.</span> <span class='ocrx_word' id='word_1_296' title='bbox 1261 4356 1320 4443; x_wconf 86' lang='lat' dir='ltr'>Et</span> <span class='ocrx_word' id='word_1_297' title='bbox 1351 4382 1404 4442; x_wconf 92' lang='lat' dir='ltr'>ea</span> <span class='ocrx_word' id='word_1_298' title='bbox 1433 4381 1539 4442; x_wconf 88' lang='lat' dir='ltr'>sane</span> <span class='ocrx_word' id='word_1_299' title='bbox 1569 4354 1746 4458; x_wconf 89' lang='lat' dir='ltr'>caritas,</span> <span class='ocrx_word' id='word_1_300' title='bbox 1778 4379 1877 4462; x_wconf 89' lang='lat' dir='ltr'>quae</span> 
     </span>
     <span class='ocr_line' id='line_1_35' title="bbox 168 4464 1878 4576; baseline 0.001 -25"><span class='ocrx_word' id='word_1_301' title='bbox 168 4469 255 4551; x_wconf 93' lang='lat' dir='ltr'>mni</span> <span class='ocrx_word' id='word_1_302' title='bbox 281 4467 566 4576; x_wconf 84' lang='lat' dir='ltr'>parcissimus</span> <span class='ocrx_word' id='word_1_303' title='bbox 599 4476 675 4554; x_wconf 91' lang='lat' dir='ltr'>aut</span> <span class='ocrx_word' id='word_1_304' title='bbox 704 4466 822 4551; x_wconf 92' lang='lat' dir='ltr'>nuda</span> <span class='ocrx_word' id='word_1_305' title='bbox 852 4464 998 4565; x_wconf 93' lang='lat' dir='ltr'>humo,</span> <span class='ocrx_word' id='word_1_306' title='bbox 1049 4479 1219 4556; x_wconf 90' lang='lat' dir='ltr'>tantum</span> <span class='ocrx_word' id='word_1_307' title='bbox 1235 4469 1470 4555; x_wconf 87' lang='lat' dir='ltr'>levamenti</span> <span class='ocrx_word' id='word_1_308' title='bbox 1488 4493 1570 4576; x_wconf 88' lang='lat' dir='ltr'>per</span> <span class='ocrx_word' id='word_1_309' title='bbox 1582 4466 1794 4553; x_wconf 89' lang='lat' dir='ltr'>Joannem</span> <span class='ocrx_word' id='word_1_310' title='bbox 1811 4470 1878 4552; x_wconf 89' lang='lat' dir='ltr'>ce·</span> 
     </span>
     <span class='ocr_line' id='line_1_36' title="bbox 169 4578 1878 4688; baseline 0 -24"><span class='ocrx_word' id='word_1_311' title='bbox 169 4590 244 4676; x_wconf 84' lang='lat' dir='ltr'>aut</span> <span class='ocrx_word' id='word_1_312' title='bbox 261 4605 397 4688; x_wconf 89' lang='lat' dir='ltr'>super</span> <span class='ocrx_word' id='word_1_313' title='bbox 416 4578 589 4666; x_wconf 89' lang='lat' dir='ltr'>assibus</span> <span class='ocrx_word' id='word_1_314' title='bbox 607 4578 810 4666; x_wconf 81' lang='lat' dir='ltr'>cubabat.</span> <span class='ocrx_word' id='word_1_315' title='bbox 838 4579 998 4664; x_wconf 92' lang='lat' dir='ltr'>Contu-</span> <span class='ocrx_word' id='word_1_316' title='bbox 1049 4582 1156 4668; x_wconf 90' lang='lat' dir='ltr'>teris</span> <span class='ocrx_word' id='word_1_317' title='bbox 1182 4582 1405 4685; x_wconf 78' lang='lat' dir='ltr'>attulerat,</span> <span class='ocrx_word' id='word_1_318' title='bbox 1432 4585 1642 4669; x_wconf 86' lang='lat' dir='ltr'>aetemam</span> <span class='ocrx_word' id='word_1_319' title='bbox 1667 4579 1730 4664; x_wconf 96' lang='lat' dir='ltr'>illi</span> <span class='ocrx_word' id='word_1_320' title='bbox 1753 4583 1878 4665; x_wconf 83' lang='lat' dir='ltr'>coro·</span> 
     </span>
     <span class='ocr_line' id='line_1_37' title="bbox 170 4690 1880 4803; baseline 0.001 -27"><span class='ocrx_word' id='word_1_321' title='bbox 170 4691 323 4778; x_wconf 88' lang='lat' dir='ltr'>melias</span> <span class='ocrx_word' id='word_1_322' title='bbox 338 4718 446 4779; x_wconf 83' lang='lat' dir='ltr'>vero</span> <span class='ocrx_word' id='word_1_323' title='bbox 466 4716 519 4780; x_wconf 88' lang='lat' dir='ltr'>ac</span> <span class='ocrx_word' id='word_1_324' title='bbox 534 4692 700 4802; x_wconf 90' lang='lat' dir='ltr'>probra</span> <span class='ocrx_word' id='word_1_325' title='bbox 716 4692 847 4778; x_wconf 87' lang='lat' dir='ltr'>laetus</span> <span class='ocrx_word' id='word_1_326' title='bbox 865 4699 999 4797; x_wconf 91' lang='lat' dir='ltr'>atque</span> <span class='ocrx_word' id='word_1_327' title='bbox 1050 4721 1152 4780; x_wconf 91' lang='lat' dir='ltr'>nam</span> <span class='ocrx_word' id='word_1_328' title='bbox 1178 4694 1431 4803; x_wconf 90' lang='lat' dir='ltr'>promeruit.</span> <span class='ocrx_word' id='word_1_329' title='bbox 1465 4694 1639 4780; x_wconf 89' lang='lat' dir='ltr'>Lethali</span> <span class='ocrx_word' id='word_1_330' title='bbox 1661 4690 1880 4800; x_wconf 90' lang='lat' dir='ltr'>siquidem</span> 
     </span>
     <span class='ocr_line' id='line_1_38' title="bbox 171 4801 1881 4917; baseline 0 -28"><span class='ocrx_word' id='word_1_331' title='bbox 171 4801 320 4890; x_wconf 90' lang='lat' dir='ltr'>hilaris</span> <span class='ocrx_word' id='word_1_332' title='bbox 341 4805 581 4908; x_wconf 88' lang='lat' dir='ltr'>devoravit,</span> <span class='ocrx_word' id='word_1_333' title='bbox 601 4810 809 4916; x_wconf 86' lang='lat' dir='ltr'>saepeque</span> <span class='ocrx_word' id='word_1_334' title='bbox 827 4805 999 4889; x_wconf 86' lang='lat' dir='ltr'>veniam</span> <span class='ocrx_word' id='word_1_335' title='bbox 1050 4807 1207 4894; x_wconf 89' lang='lat' dir='ltr'>morbo</span> <span class='ocrx_word' id='word_1_336' title='bbox 1244 4812 1496 4917; x_wconf 87' lang='lat' dir='ltr'>correptus,</span> <span class='ocrx_word' id='word_1_337' title='bbox 1533 4807 1605 4893; x_wconf 93' lang='lat' dir='ltr'>die</span> <span class='ocrx_word' id='word_1_338' title='bbox 1640 4832 1693 4891; x_wconf 90' lang='lat' dir='ltr'>ac</span> <span class='ocrx_word' id='word_1_339' title='bbox 1726 4803 1881 4890; x_wconf 84' lang='lat' dir='ltr'>humili</span> 
     </span>
     <span class='ocr_line' id='line_1_39' title="bbox 173 4917 1879 5034; baseline 0.001 -32"><span class='ocrx_word' id='word_1_340' title='bbox 173 4918 297 5024; x_wconf 87' lang='lat' dir='ltr'>petiit</span> <span class='ocrx_word' id='word_1_341' title='bbox 314 4917 371 5005; x_wconf 93' lang='lat' dir='ltr'>ab</span> <span class='ocrx_word' id='word_1_342' title='bbox 391 4919 445 5004; x_wconf 92' lang='lat' dir='ltr'>iis</span> <span class='ocrx_word' id='word_1_343' title='bbox 465 4921 540 5027; x_wconf 93' lang='lat' dir='ltr'>qui</span> <span class='ocrx_word' id='word_1_344' title='bbox 557 4920 736 5027; x_wconf 81' lang='lat' dir='ltr'>injurias</span> <span class='ocrx_word' id='word_1_345' title='bbox 753 4919 999 5034; x_wconf 80' lang='lat' dir='ltr'>intulissent</span> <span class='ocrx_word' id='word_1_346' title='bbox 1050 4918 1185 5007; x_wconf 95' lang='lat' dir='ltr'>modo</span> <span class='ocrx_word' id='word_1_347' title='bbox 1201 4945 1332 5027; x_wconf 92' lang='lat' dir='ltr'>quem</span> <span class='ocrx_word' id='word_1_348' title='bbox 1349 4921 1627 5030; x_wconf 82' lang='lat' dir='ltr'>praedixerat,</span> <span class='ocrx_word' id='word_1_349' title='bbox 1644 4917 1776 5004; x_wconf 88' lang='lat' dir='ltr'>tertio</span> <span class='ocrx_word' id='word_1_350' title='bbox 1790 4917 1879 5004; x_wconf 89' lang='lat' dir='ltr'>No·</span> 
     </span>
     <span class='ocr_line' id='line_1_40' title="bbox 173 5029 1878 5140; baseline 0.001 -26"><span class='ocrx_word' id='word_1_351' title='bbox 173 5039 395 5139; x_wconf 91' lang='lat' dir='ltr'>tamquam</span> <span class='ocrx_word' id='word_1_352' title='bbox 421 5029 468 5118; x_wconf 94' lang='lat' dir='ltr'>id</span> <span class='ocrx_word' id='word_1_353' title='bbox 495 5058 575 5117; x_wconf 91' lang='lat' dir='ltr'>sua</span> <span class='ocrx_word' id='word_1_354' title='bbox 598 5030 729 5140; x_wconf 92' lang='lat' dir='ltr'>culpa</span> <span class='ocrx_word' id='word_1_355' title='bbox 751 5033 915 5118; x_wconf 88' lang='lat' dir='ltr'>factum</span> <span class='ocrx_word' id='word_1_356' title='bbox 936 5031 999 5118; x_wconf 88' lang='lat' dir='ltr'>lo·</span> <span class='ocrx_word' id='word_1_357' title='bbox 1050 5059 1130 5118; x_wconf 88' lang='lat' dir='ltr'>nas</span> <span class='ocrx_word' id='word_1_358' title='bbox 1156 5032 1183 5118; x_wconf 87' lang='lat' dir='ltr'>J</span> <span class='ocrx_word' id='word_1_359' title='bbox 1183 5061 1273 5118; x_wconf 88' lang='lat' dir='ltr'>unu</span> <span class='ocrx_word' id='word_1_360' title='bbox 1303 5059 1418 5121; x_wconf 92' lang='lat' dir='ltr'>anno</span> <span class='ocrx_word' id='word_1_361' title='bbox 1445 5031 1686 5118; x_wconf 90' lang='lat' dir='ltr'>millesimo.</span> <span class='ocrx_word' id='word_1_362' title='bbox 1700 5057 1878 5118; x_wconf 87' lang='lat' dir='ltr'>sexcen-</span> 
     </span>
     <span class='ocr_line' id='line_1_41' title="bbox 173 5143 1878 5254; baseline 0.001 -28"><span class='ocrx_word' id='word_1_363' title='bbox 173 5153 247 5228; x_wconf 87' lang='lat' dir='ltr'>ret.</span> <span class='ocrx_word' id='word_1_364' title='bbox 278 5143 424 5229; x_wconf 90' lang='lat' dir='ltr'>Deum</span> <span class='ocrx_word' id='word_1_365' title='bbox 441 5144 542 5230; x_wconf 87' lang='lat' dir='ltr'>viva</span> <span class='ocrx_word' id='word_1_366' title='bbox 558 5144 659 5247; x_wconf 90' lang='lat' dir='ltr'>fide,</span> <span class='ocrx_word' id='word_1_367' title='bbox 676 5145 802 5230; x_wconf 91' lang='lat' dir='ltr'>firma</span> <span class='ocrx_word' id='word_1_368' title='bbox 819 5170 915 5252; x_wconf 89' lang='lat' dir='ltr'>spe,</span> <span class='ocrx_word' id='word_1_369' title='bbox 933 5169 998 5229; x_wconf 91' lang='lat' dir='ltr'>ar·</span> <span class='ocrx_word' id='word_1_370' title='bbox 1050 5146 1220 5248; x_wconf 90' lang='lat' dir='ltr'>tesimo,</span> <span class='ocrx_word' id='word_1_371' title='bbox 1242 5147 1386 5234; x_wconf 89' lang='lat' dir='ltr'>aetatis</span> <span class='ocrx_word' id='word_1_372' title='bbox 1405 5172 1498 5233; x_wconf 82' lang='lat' dir='ltr'>suae</span> <span class='ocrx_word' id='word_1_373' title='bbox 1517 5144 1878 5254; x_wconf 89' lang='lat' dir='ltr'>quinquagesimo</span> 
     </span>
     <span class='ocr_line' id='line_1_42' title="bbox 175 5253 1878 5369; baseline 0.001 -29"><span class='ocrx_word' id='word_1_374' title='bbox 175 5253 293 5342; x_wconf 89' lang='lat' dir='ltr'>denti</span> <span class='ocrx_word' id='word_1_375' title='bbox 326 5258 507 5346; x_wconf 88' lang='lat' dir='ltr'>caritate</span> <span class='ocrx_word' id='word_1_376' title='bbox 542 5260 789 5369; x_wconf 87' lang='lat' dir='ltr'>praesertim</span> <span class='ocrx_word' id='word_1_377' title='bbox 819 5259 865 5342; x_wconf 93' lang='lat' dir='ltr'>in</span> <span class='ocrx_word' id='word_1_378' title='bbox 895 5258 998 5345; x_wconf 88' lang='lat' dir='ltr'>San·</span> <span class='ocrx_word' id='word_1_379' title='bbox 1052 5267 1222 5366; x_wconf 86' lang='lat' dir='ltr'>quarto,</span> <span class='ocrx_word' id='word_1_380' title='bbox 1235 5264 1432 5346; x_wconf 87' lang='lat' dir='ltr'>terrenas</span> <span class='ocrx_word' id='word_1_381' title='bbox 1447 5266 1665 5345; x_wconf 83' lang='lat' dir='ltr'>aert&#39;umnas</span> <span class='ocrx_word' id='word_1_382' title='bbox 1678 5285 1778 5346; x_wconf 88' lang='lat' dir='ltr'>cum</span> <span class='ocrx_word' id='word_1_383' title='bbox 1792 5282 1878 5343; x_wconf 91' lang='lat' dir='ltr'>coe·</span> 
     </span>
     <span class='ocr_line' id='line_1_43' title="bbox 175 5368 1877 5479; baseline -0.002 -24"><span class='ocrx_word' id='word_1_384' title='bbox 175 5371 377 5456; x_wconf 85' lang='lat' dir='ltr'>ctissimis</span> <span class='ocrx_word' id='word_1_385' title='bbox 404 5371 678 5475; x_wconf 77' lang='lat' dir='ltr'>Natiuitatis,</span> <span class='ocrx_word' id='word_1_386' title='bbox 705 5372 928 5457; x_wconf 81' lang='lat' dir='ltr'>Passionis</span> <span class='ocrx_word' id='word_1_387' title='bbox 955 5381 1000 5456; x_wconf 88' lang='lat' dir='ltr'>ct</span> <span class='ocrx_word' id='word_1_388' title='bbox 1051 5372 1234 5458; x_wconf 85' lang='lat' dir='ltr'>lestibus</span> <span class='ocrx_word' id='word_1_389' title='bbox 1262 5373 1434 5479; x_wconf 82' lang='lat' dir='ltr'>gaudiis</span> <span class='ocrx_word' id='word_1_390' title='bbox 1465 5372 1763 5460; x_wconf 87' lang='lat' dir='ltr'>commutavit.</span> <span class='ocrx_word' id='word_1_391' title='bbox 1805 5368 1877 5453; x_wconf 88' lang='lat' dir='ltr'>Se-</span> 
     </span>
     <span class='ocr_line' id='line_1_44' title="bbox 174 5477 1877 5596; baseline 0.001 -32"><span class='ocrx_word' id='word_1_392' title='bbox 174 5477 461 5570; x_wconf 85' lang='lat' dir='ltr'>Encharistiae</span> <span class='ocrx_word' id='word_1_393' title='bbox 482 5485 703 5593; x_wconf 87' lang='lat' dir='ltr'>Mysteriis</span> <span class='ocrx_word' id='word_1_394' title='bbox 727 5485 815 5592; x_wconf 89' lang='lat' dir='ltr'>jugi</span> <span class='ocrx_word' id='word_1_395' title='bbox 839 5483 998 5570; x_wconf 85' lang='lat' dir='ltr'>oratie-</span> <span class='ocrx_word' id='word_1_396' title='bbox 1050 5483 1298 5594; x_wconf 83' lang='lat' dir='ltr'>pulchrum,</span> <span class='ocrx_word' id='word_1_397' title='bbox 1322 5497 1372 5573; x_wconf 88' lang='lat' dir='ltr'>ut</span> <span class='ocrx_word' id='word_1_398' title='bbox 1393 5487 1490 5596; x_wconf 90' lang='lat' dir='ltr'>ipse</span> <span class='ocrx_word' id='word_1_399' title='bbox 1512 5487 1558 5570; x_wconf 90' lang='lat' dir='ltr'>in</span> <span class='ocrx_word' id='word_1_400' title='bbox 1579 5486 1696 5570; x_wconf 87' lang='lat' dir='ltr'>votis</span> <span class='ocrx_word' id='word_1_401' title='bbox 1716 5481 1877 5568; x_wconf 81' lang='lat' dir='ltr'>habde-</span> 
     </span>
     <span class='ocr_line' id='line_1_45' title="bbox 176 5594 1878 5706; baseline 0.001 -29"><span class='ocrx_word' id='word_1_402' title='bbox 176 5617 230 5680; x_wconf 85' lang='lat' dir='ltr'>ne</span> <span class='ocrx_word' id='word_1_403' title='bbox 244 5596 534 5702; x_wconf 86' lang='lat' dir='ltr'>recogitabat,</span> <span class='ocrx_word' id='word_1_404' title='bbox 556 5597 602 5681; x_wconf 91' lang='lat' dir='ltr'>in</span> <span class='ocrx_word' id='word_1_405' title='bbox 626 5623 713 5706; x_wconf 91' lang='lat' dir='ltr'>qua</span> <span class='ocrx_word' id='word_1_406' title='bbox 731 5597 999 5684; x_wconf 87' lang='lat' dir='ltr'>suavissimis</span> <span class='ocrx_word' id='word_1_407' title='bbox 1050 5607 1130 5702; x_wconf 80' lang='lat' dir='ltr'>rat,</span> <span class='ocrx_word' id='word_1_408' title='bbox 1153 5599 1387 5703; x_wconf 83' lang='lat' dir='ltr'>inglorium</span> <span class='ocrx_word' id='word_1_409' title='bbox 1403 5600 1525 5684; x_wconf 88' lang='lat' dir='ltr'>Deus</span> <span class='ocrx_word' id='word_1_410' title='bbox 1547 5606 1703 5683; x_wconf 92' lang='lat' dir='ltr'>contra</span> <span class='ocrx_word' id='word_1_411' title='bbox 1720 5594 1878 5701; x_wconf 89' lang='lat' dir='ltr'>glorie·</span> 
     </span>
    </p>
   </div>
   <div class='ocr_carea' id='block_1_3' title="bbox 0 0 2197 6196">
    <p class='ocr_par' dir='ltr' id='par_1_3' title="bbox 0 0 2197 6196">
     <span class='ocr_line' id='line_1_46' title="bbox 0 0 2197 6196; baseline 0 0"><span class='ocrx_word' id='word_1_412' title='bbox 0 0 2197 6196; x_wconf 95' lang='lat' dir='ltr'> </span> 
     </span>
    </p>
   </div>
  </div>
 </body>
</html>
