4346 6176
866 503 983 574 Festa
1006 503 1256 593 Septembris,
1279 506 1336 594 (3.)
1435 550 1437 557 ,

239 695 446 807 Adjutor,
473 697 549 805 qui
574 707 619 783 et
641 697 866 803 Benignus
889 696 1072 783 aBene·
1125 702 1288 800 catum,
1306 707 1356 783 ut
1379 722 1549 783 cessem
1572 721 1657 803 pro
1678 694 1805 780 vobis
1829 699 1961 779 orere

237 808 438 894 ventanis
464 809 651 917 aliisque
681 809 878 896 finitimis
909 809 1073 895 cultus:
1123 809 1374 895 Dominum.
1413 812 1482 895 Ita
1500 819 1546 896 et
1563 808 1739 909 Paulus,
1760 809 1851 892 imo
1869 833 1962 892 non

236 919 429 1025 Marcus,
456 947 588 1030 quem
605 922 818 1009 Bibentes
842 923 888 1006 in
908 921 1073 1028 Apulia
1122 921 1201 1024 ita,
1226 921 1307 1010 sed
1327 923 1468 1008 multo
1492 923 1592 1030 plus
1610 920 1815 1007 emnibus
1833 920 1960 1005 arde·

237 1040 474 1141 patronum
499 1036 727 1122 coelestem
749 1036 896 1121 sortiti
916 1040 1070 1142 putan·
1122 1034 1200 1120 bat
1223 1060 1329 1141 erga
1352 1035 1567 1124 siibditos.
1607 1033 1737 1120 Unde
1762 1044 1807 1120 et
1830 1032 1962 1118 disci·

236 1156 323 1232 tur:
349 1151 593 1253 Augustus,
620 1148 696 1255 qui
720 1159 766 1235 ct
788 1148 1072 1254 Augustinus,
1124 1148 1255 1254 pulos
1278 1148 1341 1234 ita
1364 1174 1469 1252 erga
1492 1173 1541 1233 se
1564 1146 1793 1247 animevit,
1819 1156 1870 1231 ut
1896 1144 1961 1231 di·

238 1260 405 1367 Capuae
424 1260 534 1346 aedis
552 1287 692 1346 sacrae
711 1261 884 1347 honere
901 1269 1072 1351 auctus:
1124 1271 1261 1347 ceret:
1287 1261 1334 1346 Si
1358 1261 1573 1369 possibile
1598 1260 1771 1361 fuisset,
1803 1258 1962 1344 oculos

236 1370 451 1480 Elpidius,
476 1401 608 1482 quem
626 1375 808 1481 quidam
827 1374 1071 1460 Atellerum
1124 1384 1296 1460 vestros
1322 1375 1564 1475 eruissetis,
1591 1373 1788 1480 mihique
1812 1370 1961 1458 dedis·

235 1485 511 1594 Episcopum
535 1488 717 1592 ficiunt,
742 1499 787 1574 et
811 1486 1071 1591 Vindonius,
1123 1489 1241 1573 setis.
1282 1489 1341 1574 Et
1359 1489 1558 1574 Christus
1583 1485 1742 1594 eptimi
1762 1487 1964 1571 Pastoris

237 1599 307 1683 cui
331 1596 452 1685 aedes
477 1626 602 1687 sacra
625 1627 767 1709 prope
787 1601 986 1707 Cepuam
1010 1600 1071 1685 di·
1122 1600 1320 1704 regulam
1365 1601 1597 1710 preferens
1633 1597 1764 1685 dixit:
1807 1598 1962 1683 Bonus

235 1715 336 1796 ceta
353 1711 500 1798 fertur.
542 1714 602 1797 Hi
627 1738 781 1799 omnes
798 1712 943 1799 Italiae
965 1710 1071 1798 divi·
1121 1724 1278 1820 pastor
1325 1714 1516 1799 enimam
1550 1738 1676 1797 suam
1710 1711 1840 1819 ponit
1874 1737 1961 1819 pro

235 1823 354 1909 nitus
378 1823 469 1911 dati
494 1835 611 1928 sunt,
637 1837 686 1911 ut
709 1851 822 1934 quos
845 1825 1071 1911 Wandeli·
1123 1825 1292 1911 ovibus.
1332 1828 1443 1912 Sunt
1458 1825 1574 1911 enim
1592 1829 1849 1910 sancterum
1870 1825 1962 1908 eni·

235 1959 313 2020 cus
332 1936 454 2023 furor
468 1939 700 2044 abjecerat,
718 1938 780 2024 ibi
794 1938 852 2023 ob
868 1938 1072 2045 exempla
1121 1965 1207 2023 mae
1221 1939 1505 2025 vehementer
1518 1939 1658 2041 mites,
1673 1948 1718 2024 et
1730 1936 1961 2022 hominurn

235 2053 389 2134 edrum
421 2061 466 2137 et
491 2051 648 2138 merita
674 2055 892 2159 perpetuo
923 2053 968 2135 in
994 2049 1071 2136 ho·
1122 2056 1332 2154 amentes,
1355 2079 1446 2137 nou
1464 2053 1608 2137 solum
1627 2077 1732 2156 erga
1751 2049 1960 2136 domesti-

234 2165 342 2249 ndre
361 2174 520 2250 essent.
575 2165 628 2270 li.
655 2164 809 2249 Inveni
825 2164 984 2249 David.
1123 2188 1202 2250 cos
1221 2163 1303 2251 sed
1327 2165 1512 2268 alienos,
1536 2165 1598 2250 ita
1622 2176 1672 2250 ut
1695 2163 1809 2249 hanc
1833 2188 1962 2247 suam

294 2301 449 2386 Sel-mo
467 2302 509 2386 S·
528 2301 680 2386 Joffiig
700 2299 1019 2409 Chrysogtomi·
1122 2276 1506 2364 mansueffidlssem
1528 2277 1662 2362 §fiam
1686 2275 1746 2361 ad
1768 2276 1961 2361 animan·

235 2423 280 2493 In
302 2422 417 2511 capit.
436 2423 486 2493 15.
503 2422 744 2589 Epistolfinad
759 2425 869 2496 Rom.
891 2446 1002 2518 serm.
1016 2425 1069 2496 23.
1121 2388 1962 2610 ῗέρὲᾞέᾓξὲξῧῶξῗῗξὲξὲἓῗίῗ

522 2539 626 2589 011Ὅᾶ
705 2541 774 2590 em.
1678 2535 1687 2584 :
1945 2548 1960 2561 ·

546 2617 701 2703 Lectio
720 2646 759 2700 v.
1123 2618 1293 2700 seretur
1308 2617 1963 2723 animerumjumenterumsuo

310 2726 498 2811 hristum
529 2725 716 2831 dssigens
743 2738 789 2813 et
803 2751 996 2839 ‘gregem
1022 2726 1070 2811 il·
1122 2753 1230 2811 rum.
1266 2728 1312 2814 Si
1329 2729 1637 2834 jumenterum,
1661 2727 1800 2811 multo
1817 2726 1962 2830 magis

333 2840 418 2923 lius
441 2839 597 2946 titique
616 2837 768 2943 diligit.
808 2839 868 2926 Et
885 2839 1071 2945 Meysen
1122 2839 1360 2925 heminum.
1414 2840 1467 2944 li.
1491 2843 1583 2926 Iste
1600 2849 1670 2925 ert
1689 2840 1774 2945 qui.

233 2962 338 3037 tunc
369 2952 728 3081 primumusuper
756 2951 973 3059 populum
999 2952 1070 3036 Ju·
1176 2979 1221 3048 In
1244 2979 1310 3048 m.
1331 2976 1532 3047 Nocturno
1555 2974 1731 3045 uomina
1751 2975 1963 3066 iffnvmg.

235 3062 436 3148 daeerum
454 3068 616 3169 posmt,
636 3063 826 3172 quando,
846 3088 934 3169 qua
952 3076 1072 3150 esset
1123 3074 1302 3162 Vigilate.
1328 3074 1376 3143 de
1401 3071 1608 3143 Communi
1629 3072 1660 3140 2.
1683 3071 1782 3142 loco.

233 3175 279 3259 in
305 3175 429 3260 illum
453 3175 780 3280 benevolentia,
811 3181 958 3284 reipsa
984 3179 1072 3283 jam
1121 3181 1962 3193 ψ’-

234 3285 549 3375 declaraverat.
575 3288 722 3375 David
742 3314 922 3397 quoque
941 3289 1071 3375 simili

232 3400 369 3487 modo
388 3425 526 3505 regno
543 3402 830 3514 ipauguretus
850 3413 929 3503 est,
946 3413 1069 3510 post·

234 3519 423 3621 eequam
450 3521 734 3623 apparuerat,
768 3540 900 3623 quam
926 3520 1069 3601 amico

234 3638 354 3716 esset
371 3630 417 3712 in
433 3630 649 3737 pepulum
664 3628 836 3714 affectu.
861 3629 931 3714 Ita
947 3629 1069 3736 quip·
1283 3712 1290 3727 ,
1931 3717 1933 3720 ,

233 3766 291 3848 pe
309 3743 479 3848 jl'lvenis
502 3741 648 3827 adhuc
665 3739 824 3849 populi
843 3766 976 3826 causa
993 3740 1070 3827 do,
1179 3709 1318 3781 Omma
1343 3712 1390 3780 de
1416 3713 1563 3823 Comm.
1590 3713 1700 3784 Cous.
1732 3732 1814 3781 non
1836 3709 1961 3796 Pont,

233 3853 314 3940 luit
331 3881 385 3940 ac
402 3854 578 3955 zelavit,
601 3864 714 3941 utet
736 3853 927 3939 enimam
944 3879 1071 3938 suam
1122 3818 1266 3894 praeter
1287 3818 1501 3899 sequentia.
1576 3923 1584 3939 .

234 3972 498 4074 exponeret,
534 3993 634 4052 cum
670 3966 878 4053 videlicet
914 3966 1069 4052 bdrba·
1416 4032 1426 4052 .
1462 3923 1628 4006 0an
1845 4036 1856 4059 ,

234 4105 333 4163 rum
350 4079 474 4163 illum
493 4079 685 4166 emedio
703 4079 901 4166 tollebat
938 4078 1069 4183 Quod
1213 4057 1311 4132 ⁶⁰⁵⁹
1354 4058 1429 4138 ‘1¹¹¹
1463 4032 1645 4119 beatum
1678 4031 1959 4117 Lnd⁰v¹⁰¹¹m

234 4216 341 4277 vero
367 4190 561 4292 dicebat,
586 4189 693 4299 quid
718 4191 894 4278 dabitur
913 4191 970 4293 ei,
996 4193 1070 4300 qui
1248 4145 1561 4230 COUfOSSOl'em
1587 4156 1711 4231 tuum
1740 4142 1797 4230 de
1823 4148 1960 4231 iel'l'e·

234 4304 522 4409 alienigenam
538 4304 654 4390 hunc
672 4300 962 4390 interfecerit?
981 4330 1069 4389 non
1121 4283 1179 4391 ¹¹.⁰
1211 4284 1349 4363 ¹⁶g¹¹⁰
1388 4258 1460 4396 ad.
1480 4258 1676 4392 09169ῇῦ
1707 4260 1833 4362 regni
1866 4246 1958 4364 ΕΜ

234 4414 337 4503 ideo
357 4416 552 4520 dicebat,
578 4417 700 4525 quod
720 4409 974 4503 mercedem
998 4442 1070 4502 ex·
1121 4397 1233 4504 nan?
1253 4371 1534 4505 ‚transifflffin‘
1557 4391 1667 4504 ‘²¹9⁸’
1692 4378 1960 4505 quaesqmus‘

1051 4541 1070 4616 t
1121 4489 1288 4570 mentis
1312 4496 1357 4570 et
1379 4490 1712 4587 intercessione,
1737 4487 1876 4590 Regis
1893 4509 1960 4570 re·

1255 4598 1280 4681 J
1282 4623 1363 4683 esu
1395 4597 1557 4684 Christi
1590 4598 1690 4682 Filii
1722 4599 1787 4684 tui
1821 4597 1960 4683 facias

233 4765 321 4859 tm,
343 4783 445 4842 nam
468 4780 572 4841 cum
594 4755 760 4863 adepta
777 4755 864 4860 jam
882 4755 1070 4841 victdria
1120 4736 1203 4795 nos
1231 4736 1329 4795 esse
1359 4715 1607 4797 consertes:
1635 4712 1721 4813 Qui
1747 4720 1907 4796 tecum.

234 4867 293 4953 ad
310 4894 462 4974 regem
484 4878 603 4956 esset
623 4869 863 4973 ingressus,
885 4866 995 4952 nihil
1013 4866 1070 4954 de
1175 4841 1220 4911 In
1242 4842 1269 4913 Ι.
1294 4842 1331 4911 N
1335 4850 1407 4913 oct.
1439 4843 1542 4913 Lect.
1573 4844 1620 4913 de
1645 4843 1783 4931 Script.
1811 4863 1960 4913 occurr.

234 4980 440 5067 mercede
457 4982 666 5067 meminit.
1357 4976 1408 5055 In
1426 4976 1477 5055 ΙΙ,
1497 4974 1722 5056 Nocturno.

286 5092 339 5198 li.
362 5095 499 5180 Pdsui
516 5094 795 5202 adjutorium.
1425 5097 1578 5180 Lectio
1597 5098 1650 5180 iv.

538 5210 692 5293 Lectio
711 5209 766 5291 vi.
1240 5204 1455 5291 udovicus
1494 5231 1638 5290 nonus
1673 5203 1832 5290 Galliae
1868 5231 1959 5309 rex,

316 5319 527 5404 tSemuel
541 5345 720 5427 quoque
733 5319 949 5424 benignus
965 5331 1070 5424 erat,
1159 5285 1218 5403 Ι
1257 5316 1495 5405 duedecim
1513 5344 1653 5404 annos
1671 5329 1811 5420 natus,
1830 5329 1959 5426 patre

357 5442 402 5518 et
420 5436 591 5517 ametor
611 5433 783 5540 pepuli:
805 5432 925 5518 unde
943 5442 989 5518 et
1007 5431 1068 5518 di·
1138 5408 1224 5468 'U
1256 5436 1433 5536 amisso,
1453 5442 1498 5518 et
1515 5432 1561 5515 in
1575 5430 1785 5516 Blanchae
1803 5432 1959 5517 matris

235 5545 380 5631 oebat:
405 5543 537 5632 Absit
554 5556 703 5633 autem
721 5545 809 5633 hoc
832 5572 858 5631 a
879 5570 951 5631 me
967 5571 1069 5655 pec·
1121 5543 1398 5631 sanctissima
1450 5544 1683 5651 disciplina
1731 5539 1958 5647 educatus,

1315 3236 1400 3323 Die
1417 3239 1456 3322 3.
1474 3236 1759 3343 Septembris.

1375 3365 1432 3449 (D.
1450 3365 1473 3434 f.
1492 3386 1511 3436 e
1531 3366 1584 3436 25.
1603 3366 1716 3453 Aug.)

1235 3463 1280 3553 S.
1298 3469 1542 3556 Ludovici
1563 3471 1701 3571 Regis
1723 3468 1847 3553 Conf.

1304 3595 1567 3686 Semiduplex.
1589 3595 1651 3681 (m
1674 3602 1700 3666 t.
1723 3598 1774 3680 v.)

234 4535 391 4635 igeret,
416 4528 497 4617 sed
516 4556 605 4637 quo
625 4531 710 4618 sibi
728 4531 1000 4634 crederetur,
1025 4557 1050 4616 e

233 4643 278 4727 5¹¹
308 4669 504 4753 pugnam
537 4670 639 4729 cum
667 4644 744 4729 illo
776 4643 1069 4729 committere.
1121 4622 1225 4701 gum
