4354 6184
582 526 585 534 ·
747 513 953 584 Dominica
975 515 1022 585 H.
1045 523 1137 603 post
1159 515 1322 585 Pascha.

230 691 284 794 li.
295 688 382 772 Per
398 713 554 773 manus
568 689 662 793 ejus
673 687 780 775 iecit
791 688 1007 774 deinus

174 799 300 904 signa
323 799 462 885 multa
477 801 523 883 in
540 798 688 907 plebe:
714 801 888 887 *Dedit
906 827 1006 908 pro·

174 907 295 1014 digia
319 912 366 995 in
389 910 505 997 coelo
529 937 720 1015 sursum,
749 923 793 1000 et
818 914 863 996 in
889 922 1008 997 terra

173 1021 395 1126 deorsum,
420 1022 604 1128 alleluja.
660 1023 711 1129 ll.
738 1026 1007 1111 Mementote

172 1134 440 1221 mirabilium
453 1138 558 1241 ejus,
573 1162 672 1242 quae
686 1137 790 1223 iecit
803 1134 1007 1244 prodigia

173 1250 279 1354 eius,
298 1257 343 1335 et
360 1246 520 1353 judicia
538 1248 628 1333 oris
647 1251 750 1353 ejus.
777 1248 923 1335 Dedit.

462 1403 617 1487 Lectio
638 1402 723 1485 viii.

175 1519 281 1726 R
304 1542 394 1601 non
416 1514 499 1602 tibi
521 1513 578 1600 de
605 1514 695 1600 alto
721 1513 894 1603 videtur
922 1517 1005 1602 cla·

286 1632 420 1730 marc,
443 1652 497 1713 ac
515 1627 663 1714 dicere
681 1629 1006 1734 requirentibus

172 1767 240 1826 se:
257 1740 420 1827 Venite
444 1741 502 1826 ad
522 1765 595 1825 me
620 1765 772 1825 omnes
792 1743 868 1847 qui
885 1741 1005 1828 labo·

171 1855 298 1955 retis,
325 1862 370 1938 et
397 1853 567 1938 onereti
595 1853 718 1953 estis,
745 1862 791 1937 et
815 1878 898 1956 ego
926 1877 1006 1938 vos

170 1963 394 2051 reficiam?
421 1966 594 2067 Venite,
608 1965 761 2071 inquit.
789 1963 912 2068 Quo?
932 1967 1005 2052 Ad

171 2105 244 2173 me
266 2079 526 2165 Veritdtem.
566 2075 687 2178 Qua?
729 2081 815 2164 Per
835 2078 1004 2164 humili·

91 2276 95 2286 ,
171 2196 324 2276 tetem.
364 2192 463 2295 Quo
485 2191 654 2276 fructu?
693 2192 790 2297 Ego
808 2216 891 2276 vos
908 2193 1005 2278 reli·

170 2304 298 2387 ciam.
337 2303 426 2389 Sed
444 2328 546 2408 quae
566 2313 633 2389 est
650 2304 849 2407 refectio,
873 2329 1006 2409 quam

169 2414 352 2499 Veritas
395 2414 734 2500 ascendentibus
778 2419 1006 2521 promittit,

169 2527 530 2635 pervenientibus
559 2525 732 2612 reddit?
787 2529 859 2612 An
890 2529 1005 2613 forte

170 2643 270 2749 ipsa
294 2648 364 2726 est
387 2640 560 2727 ceritas.
600 2639 674 2724 Ad
699 2641 813 2727 hanc
839 2641 1006 2750 quippe

170 2750 373 2839 ascendit
388 2741 621 2853 humilitas,
644 2777 751 2836 mox
767 2755 1006 2858 perveniet.

169 2865 293 2951 Vere
311 2863 453 2949 dulcis
469 2874 514 2949 et
530 2865 680 2949 suevis
693 2864 818 2950 cibus
833 2867 1006 2967 ceritas,

171 3001 275 3084 quae
301 2977 444 3062 fessos
471 2972 649 3077 allevat,
680 2973 850 3062 debiles
877 2978 1006 3063 rebo-

171 3101 258 3194 rat,
280 3101 467 3177 moestos
485 3089 698 3193 laetificat,
721 3091 868 3197 jugum
886 3089 1004 3176 deni-

172 3228 261 3308 que
284 3203 484 3289 v'eritetis
509 3201 614 3286 iacit
640 3205 794 3304 suere,
823 3212 868 3288 et
894 3227 1006 3289 onus

172 3316 283 3402 leve.

224 3431 277 3536 ll.
298 3427 561 3512 Humilitvit
580 3453 628 3512 se
645 3427 761 3514 sicut
778 3426 1006 3535 pervulus3

171 3551 219 3626 et
235 3539 339 3625 ideo
364 3539 660 3645 amplificatus
684 3539 815 3625 estin
832 3539 1005 3624 mirabi-

171 3650 289 3736 libus
307 3653 447 3753 suis,*
466 3653 719 3759 Factusque
737 3661 805 3739 est
822 3677 1006 3756 magnus

171 3764 218 3847 in
236 3789 373 3869 regno
392 3763 616 3866 coelerum,
635 3763 746 3850 allel.
784 3753 836 3860 lt.
861 3763 1006 3847 Omni·

171 3901 248 3961 um
267 3900 443 3961 servum
460 3902 509 3962 se
523 3876 636 3979 fecit,
653 3885 703 3961 ut
715 3875 866 3982 plures
880 3875 1006 3961 lucri·

172 3987 350 4074 feceret.
390 3989 652 4097 Factusque.
696 3988 848 4073 Gloria
875 3990 1006 4074 Patri.

173 4100 440 4208 Factusque.

224 4231 358 4302 Lectio
383 4229 433 4301 in.
460 4231 507 4302 dc
530 4231 747 4303 Dominica.

443 4383 523 4468 Ad
540 4383 737 4469 Laudes
855 4403 862 4416 ·

391 4507 440 4568 et
477 4517 571 4586 per
601 4499 786 4570 Horas.

226 4615 329 4697 Ant.
356 4615 387 4694 1.
426 4614 581 4699 Sermo
615 4611 795 4696 Domini
823 4614 849 4667 *
881 4615 1008 4720 quasi

172 4727 286 4832 ignis
321 4723 607 4812 absconditus
642 4726 687 4809 in
722 4723 858 4811 corde
894 4751 1008 4829 meo,

173 4837 396 4925 ordinevit
430 4839 476 4922 in
511 4863 582 4923 me
618 4837 866 4942 caritatem,
905 4839 1007 4925 alle·

172 4953 274 5056 luia.

224 5067 294 5148 Ps.
324 5065 540 5150 Dominus
563 5063 773 5166 regnavit.

135 5249 141 5260 .
225 5187 263 5266 2.
289 5185 447 5272 Sermo
475 5207 599 5272 meus
617 5188 643 5242 *
659 5187 810 5272 nonin
829 5208 1006 5291 persua·

173 5299 379 5386 sibilibus
415 5302 617 5384 humenae
653 5298 882 5409 sapientiae
911 5323 1006 5382 ver·

172 5412 261 5510 bis,
285 5410 435 5497 sedin
459 5411 713 5499 ostensione
736 5409 935 5517 spiritus,
962 5419 1008 5494 et

172 5525 363 5628 virtutis,
381 5524 565 5630 allelirja.

1825 496 1893 572 51*
1961 585 1969 598 .

1117 695 1154 774 3.
1191 691 1293 775 Scio
1327 693 1512 791 esurire,
1537 690 1562 743 *
1590 698 1635 775 et
1663 691 1893 797 penuriam

1059 805 1168 910 pati:
1192 804 1338 889 omnia
1356 826 1540 910 possum
1561 803 1607 885 in
1624 826 1698 903 eo,
1721 803 1798 908 qui
1821 827 1892 888 me

1061 915 1293 1017 confortat,
1311 914 1494 1020 alleluja.

1115 1049 1154 1126 4.
1178 1047 1293 1132 Ecce
1310 1043 1475 1129 familia
1492 1042 1628 1128 mea*
1642 1041 1792 1126 infima
1808 1051 1892 1128 est:

1060 1170 1106 1242 et
1140 1183 1224 1262 ego
1259 1157 1464 1251 minimus
1498 1155 1544 1238 in
1582 1153 1717 1240 domo
1749 1157 1893 1241 Patris

1059 1271 1156 1373 mei,
1184 1269 1369 1374 allelrija,
1397 1265 1580 1371 alleluja.

1114 1401 1152 1480 5.
1179 1398 1389 1504 Vigilate,
1412 1399 1437 1453 *
1460 1406 1574 1483 state
1596 1397 1642 1480 in
1664 1396 1771 1496 fide,
1794 1397 1892 1480 viri·

1058 1512 1158 1597 liter
1176 1513 1321 1618 agite,
1337 1521 1383 1596 et
1400 1508 1726 1595 confortemini:
1745 1509 1892 1592 omnia

1058 1634 1207 1710 vestra
1224 1625 1268 1708 in
1289 1624 1474 1710 caritate
1490 1620 1609 1722 fiant,
1628 1618 1813 1725 alleluia.

1141 1763 1400 1868 Capitulum.
1597 1772 1626 1849 1.
1643 1771 1740 1853 Cor.
1756 1773 1814 1853 13.

1128 1899 1336 2004 ilinguis
1375 1899 1602 1984 hominum
1645 1895 1802 2001 loquar
1847 1905 1891 1982 et

1154 2012 1445 2118 Angelorum,
1479 2010 1711 2095 caritetem
1743 2015 1892 2092 autem

1057 2150 1147 2209 non
1169 2124 1375 2225 habeam,
1398 2123 1540 2208 iactus
1564 2147 1662 2206 sum
1683 2120 1805 2205 velut
1829 2144 1891 2203 aes

1058 2261 1232 2337 sonans,
1251 2246 1327 2323 aut
1345 2234 1595 2344 cymbalum
1612 2233 1812 2320 tinniens.

1372 2379 1585 2482 Hymnus.

1195 2497 1404 2594 ranciscc,
1421 2496 1535 2580 ferre
1553 2499 1796 2601 pauperem

1214 2609 1365 2693 Avara
1382 2615 1428 2692 te
1445 2614 1577 2710 negat
1595 2605 1718 2710 ratis;

1161 2720 1185 2804 1
1201 2719 1335 2822 solus,
1355 2729 1400 2806 et
1417 2717 1538 2805 nudo
1556 2717 1674 2825 pede

1160 2831 1342 2918 Fluctus
1359 2831 1562 2916 volentes
1580 2835 1772 2938 protere.

1112 2966 1281 3064 Carina,
1299 2962 1436 3062 funes,
1453 2958 1640 3046 cerbasa

1161 3073 1484 3182 Pauperculum
1502 3073 1559 3156 sit
1576 3072 1773 3179 pallium3

1161 3190 1376 3288 Antenna,
1392 3185 1545 3286 malus,
1564 3184 1757 3269 anchora

1163 3299 1334 3384 Bacillo
1352 3300 1397 3382 in
1415 3321 1503 3381 uno
1523 3303 1775 3403 suppetunt.

1112 3431 1295 3514 Miretur
1313 3429 1487 3512 haerens
1504 3427 1654 3513 nevita

1160 3545 1408 3647 Pastorque
1428 3539 1484 3624 de
1502 3542 1605 3644 jugo
1625 3547 1785 3645 stupet,

1161 3655 1376 3740 Mirenmr
1390 3650 1524 3737 undae
1543 3659 1588 3737 et
1605 3651 1757 3735 littora

1161 3767 1440 3870 Incegnitum
1456 3765 1582 3849 navis
1598 3763 1756 3867 genus!

1113 3902 1151 3984 O
1169 3899 1282 3982 mira
1298 3896 1439 3981 navis!
1458 3894 1598 3980 eltera

1162 4012 1260 4113 Qua
1277 4008 1397 4093 nulla
1414 4007 1509 4091 visa
1527 4005 1704 4108 clerior3

1161 4122 1257 4207 Nec
1274 4121 1366 4205 ulla
1383 4120 1479 4205 visa
1497 4118 1632 4205 ditior

1161 4236 1398 4341 Tantdque
1416 4232 1626 4318 thesauro
1644 4232 1802 4335 gravis.

1112 4369 1328 4451 Accurrat
1344 4365 1435 4448 imo
1454 4388 1479 4449 e
1496 4363 1670 4467 gurgite

1162 4479 1340 4563 Festiva
1358 4476 1545 4585 piscium
1564 4473 1738 4576 cohors

1161 4589 1439 4696 Plaudatque
1457 4587 1617 4673 victori
1635 4587 1786 4690 maris;

1143 4703 1378 4807 ‘Figetque
1393 4700 1558 4811 plantis
1577 4699 1739 4793 oscula.

1115 4835 1180 4918 Tu
1197 4831 1402 4931 Trinitas,
1421 4840 1466 4915 et
1483 4829 1650 4930 Unitas,

1162 4947 1273 5050 Quae
1291 4943 1498 5051 praecipis
1516 4942 1637 5041 mari,
1655 4951 1701 5026 et
1716 4949 1851 5026 tacet:

1140 5059 1247 5143 ·Illo
1266 5060 1462 5160 rogente,
1480 5055 1717 5158 naufragos

1162 5168 1235 5256 Ad
1252 5168 1374 5254 littus
1398 5166 1511 5253 educ
1528 5167 1696 5274 petriae.
1738 5167 1891 5251 Amen.

1110 5291 1162 5392 ld·
1187 5300 1353 5386 Potens
1384 5300 1428 5381 in
1461 5308 1579 5384 terra
1612 5297 1697 5382 erit
1729 5321 1890 5381 nomen

1060 5416 1163 5519 ejus,
1182 5411 1366 5517 alleluja.
1407 5410 1459 5511 Il.
1489 5411 1728 5496 Generatio
1748 5413 1889 5495 recte·

1059 5551 1157 5615 rum
1173 5522 1471 5632 benedicetur,
1489 5522 1673 5636 alleluja.
