4332 6180
599 527 803 596 Dominieu
826 527 871 596 H.
896 526 1002 596 Julii.
1049 526 1105 597 So.
1128 523 1402 613 Reliquiarum.
1797 509 1865 588 25*

159 707 305 793 Lactio
328 707 470 797 sancti
487 709 715 815 Evangalii
741 707 983 796 secundum
1034 707 1334 812 Evahgalium:
1352 709 1473 795 Deus
1487 707 1723 810 Abraham,
1742 710 1865 796 Deus

479 822 657 908 Lucam.
1034 823 1179 921 Isaac,
1208 822 1332 907 Deus
1358 821 1498 909 Jacob
1529 847 1619 908 non
1646 833 1715 908 est
1741 823 1863 909 Deus

229 955 382 1039 Lectio
405 957 472 1036 vii.
707 954 810 1058 Cap,
830 955 901 1034 20,
1033 939 1320 1036 mortuorum,
1340 935 1420 1022 sed
1438 936 1651 1022 vivarum.

198 1119 225 1173 n
243 1089 321 1174 illo
340 1093 559 1194 tempore:
577 1085 874 1171 Accessarunt
891 1084 981 1191 qui-
1088 1054 1140 1156 ll·
1163 1047 1291 1135 Multi
1314 1048 1370 1135 de
1395 1048 1463 1133 his
1486 1049 1564 1181 qui
1579 1045 1864 1180 dormiuntirr

215 1201 318 1288 darn
336 1199 698 1296 Sadducaeorum,
722 1199 797 1304 qui
821 1208 983 1301 negant
1034 1173 1165 1250 terrae
1187 1162 1371 1269 pulvere
1393 1169 1417 1218 *
1438 1159 1722 1266 Evrgrlabunt
1739 1187 1784 1244 ιιι
1802 1187 1863 1245 v1·

158 1342 248 1401 esse
266 1314 646 1402 resurrectionem.
671 1310 730 1397 Et
746 1311 926 1418 raliqua
1033 1284 1125 1361 tam
1152 1279 1380 1376 aet⁶f¹¹³mr
1411 1284 1455 1359 θῗ
1481 1272 1711 1408 ἧξῙξόῧῑῑῦῒ
1737 1275 1865 1380 quasi

1034 1387 1246 1495 splendor
1270 1388 1535 1475 firmamanh
1556 1416 1601 1473 1n
1626 1391 1864 1497 perpetuas

114 1544 118 1617 Ι
246 1478 438 1566 Homilia
464 1476 606 1618 sanct}
631 1476 740 1610 Ηξθῐ
742 1477 891 1584 ⁶11ymi
1034 1503 1316 1590 aeternitates.
1381 1497 1432 1602 il.
1476 1503 1589 1607 Quia
1630 1507 1864 1606 resurgunt

113 1624 118 1773 j
434 1589 696 1698 Presbyteri.
1032 1617 1210 1720 mortu,
1232 1618 1411 1725 uoyes
1434 1615 1703 1703 senceum
1724 1615 1863 1702 Aura-

114 1794 117 1837 ἰ
158 1731 503 1822 solstitialium,
517 1731 977 1818 adversusl'igilautium.
1033 1729 1152 1834 ham,
1177 1735 1222 1816 'et
1244 1731 1390 1818 Deum
1406 1731 1549 1834 Isaac,
1571 1741 1616 1817 et
1633 1731 1779 1816 Deum
1794 1730 1863 1815 Ja-

113 1842 117 1921 ἰ
169 1872 268 1959 ,ro
282 1848 374 1935 olet
383 1845 648 1951 Vigilantius
658 1843 902 1952 Martyrum
915 1872 980 1933 re·
1034 1843 1138 1948 coh,
1160 1846 1283 1931 Deus
1305 1855 1453 1931 autern
1476 1870 1564 1930 non
1584 1856 1652 1930 est
1668 1848 1862 1930 mortuo·

113 2022 117 2089 l
167 1954 229 2055 1³2³*
245 1956 272 2083 lj
298 1960 672 2068 liquiaspretiaso
688 1959 850 2066 operiri
866 1961 980 2045 vela·
1033 1983 1131 2042 rum
1149 1958 1229 2044 sed
1247 1958 1460 2044 vivorum.
1487 1956 1781 2062 Evigilabunt.

297 2076 431 2177 mine,
444 2085 502 2186 ‚et
518 2098 607 2166 non
626 2071 697 2157 vel
714 2073 885 2178 pannis,
910 2075 982 2160 vel
1318 2073 1469 2155 Lectio
1490 2073 1574 2156 viii.

157 2187 293 2274 cilicio
317 2187 518 2293 colligari
535 2186 608 2271 vel
625 2185 780 2293 profici
804 2187 850 2268 in
874 2195 980 2272 ster·
1035 2176 1202 2389 Dicis
1228 2186 1274 2271 in
1304 2185 1455 2272 libello
1481 2195 1560 2271 tuo
1590 2182 1727 2290 quod,
1759 2183 1864 2269 dum

158 2301 389 2408 quilinium,
402 2311 452 2388 ut
466 2300 589 2387 solus
598 2299 863 2404 Vigilantius
878 2299 982 2386 abri-
1158 2301 1366 2400 vivimus,
1409 2305 1562 2384 mutuo
1606 2320 1690 2406 pro
1734 2296 1864 2384 nobis

112 2484 116 2495 .
156 2441 205 2499 us
222 2427 266 2502 et
284 2414 508 2501 dormiens
522 2411 743 2499 adoretur.
774 2413 894 2517 Ergo
914 2439 979 2498 sa·
1033 2419 1163 2501 orare
1184 2417 1438 2521 passumus,
1459 2420 1697 2520 postquam
1715 2419 1865 2496 autem

111 2498 117 2633 l
157 2527 299 2634 crssegi
330 2553 499 2629 sumus,
532 2525 709 2634 quando
741 2526 979 2636 Apostolo-
1032 2529 1195 2614 mortui
1229 2526 1459 2627 inanimus,
1493 2523 1653 2610 nullius
1688 2523 1746 2609 sit
1780 2549 1863 2631 pro

111 2644 116 2805 j
156 2667 247 2726 rum
271 2640 479 2729 basilicas
506 2638 796 2746 ingredimur?
843 2641 980 2726 Sacri·
1033 2642 1121 2729 alio
1140 2639 1416 2728 exaudianda
1434 2639 1593 2741 oratio,
1616 2638 1864 2746 praesertim

156 2753 273 2860 legus
300 2755 382 2841 fuit
410 2755 693 2843 Constantius
719 2755 981 2862 Imperator,
1033 2781 1134 2841 cum
1162 2754 1383 2863 Martyres
1415 2752 1628 2839 ultionem
1662 2753 1732 2836 sui
1766 2756 1863 2836 san·

157 2867 227 2974 qui
250 2876 426 2955 sanctas
443 2867 653 2976 reliquias
673 2866 877 2969 Andraae,
896 2869 979 2954 Lu·
1032 2868 1175 2975 guinis
1199 2867 1485 2955 obsecrantes
1512 2867 1751 2975 impetrare
1774 2891 1864 2951 non

156 3005 216 3066 cae
234 2993 279 3068 et
292 2980 515 3068 Timothei
532 2981 754 3067 transtulit
770 2980 980 3068 Constan·
1034 2983 1264 3090 quiverint.
1294 2980 1339 3066 Si
1357 2979 1567 3089 Apostoli
1584 2987 1629 3066 et
1646 2979 1864 3086 Martyres

155 3095 402 3202 tinopolim,
446 3095 567 3204 apud
603 3119 713 3202 quas
754 3093 981 3182 dae‘mones
1033 3094 1178 3182 adhuc
1203 3094 1250 3180 in
1280 3098 1470 3203 corpore
1502 3092 1731 3180 constitati
1761 3119 1863 3202 pos·

112 3258 115 3327 Ι
154 3209 335 3313 rugiunt,
353 3218 399 3294 et
417 3207 735 3295 inhabitatores
753 3207 982 3313 Vigilantii
1032 3220 1133 3296 sunt
1151 3214 1280 3296 orare
1293 3233 1377 3316 pro
1395 3208 1567 3310 cateris,
1587 3204 1765 3315 quando
1780 3232 1864 3316 pro

111 3352 117 3465 ἰ
155 3319 323 3407 illorum
337 3348 387 3408 se
402 3326 564 3410 sentire
578 3324 860 3432 praesentiam
879 3349 979 3410 con·
1032 3349 1081 3409 se
1125 3322 1271 3409 adhuc
1316 3321 1480 3408 debent
1524 3345 1624 3407 esse
1669 3319 1864 3424 solliciti;

112 3472 117 3555 Ι
155 3433 350 3522 fitentur?
398 3437 646 3540 Sacrilegus
674 3435 885 3524 dicandus
913 3449 981 3524 est
1033 3446 1200 3544 quanto
1218 3435 1358 3540 magis
1375 3444 1481 3544 post
1498 3438 1705 3534 coronas,
1727 3438 1863 3520 victa·

112 3570 116 3621 ι
154 3545 384 3653 Arcadius,
408 3551 485 3657 qui
507 3576 611 3636 ossa
627 3549 750 3636 beati
766 3550 980 3636 Samualis
1032 3553 1120 3636 rias
1157 3560 1202 3636 et
1240 3546 1508 3657 triumphosl
1564 3546 1688 3633 Unus
1727 3546 1862 3631 homo

112 3652 117 3797 l
154 3660 284 3766 longo
326 3675 432 3772 post
478 3667 680 3771 tampore
724 3665 781 3749 de
823 3663 980 3749 iudaea
1032 3665 1210 3771 Moyses
1229 3662 1447 3748 nexcantis
1465 3658 1657 3746 mullibus
1675 3663 1861 3745 armato·

154 3775 371 3862 transtulit
413 3777 459 3862 in
497 3774 760 3863 Thraciam?
815 3777 980 3862 Omnes
1031 3803 1128 3862 rum
1163 3784 1370 3884 impetrat
1405 3800 1432 3859 a
1462 3774 1560 3860 Deo
1592 3771 1782 3876 vaniam3
1818 3782 1864 3859 et

153 3887 374 3999 Episcopi,
396 3914 487 3975 non
504 3890 649 3976 solum
668 3889 880 3993 sacrilegi,
900 3888 981 3975 sed
1031 3890 1281 4000 Stephanus
1302 3889 1500 3974 imitator
1515 3885 1697 3971 Domini
1715 3885 1792 3988 sui,
1818 3894 1863 3971 et

155 4011 196 4087 ct
218 4001 327 4088 fatui
351 4001 589 4112 judicandi,
615 4005 689 4111 qui
713 4029 808 4090 rem
826 4003 979 4088 vilissi·
1031 4003 1201 4113 primus
1218 4014 1387 4112 martyr
1403 4001 1448 4088 in
1462 4001 1650 4103 Christo,
1668 4025 1751 4109 pro
1764 4026 1862 4109 per·

155 4141 267 4201 mam
296 4126 341 4203 et
368 4120 538 4204 cineres
572 4117 816 4204 dissolutos
842 4117 888 4202 in
914 4121 978 4203 sa·
1031 4116 1308 4205 secutoribus
1326 4117 1500 4203 veniam
1518 4113 1800 4225 deprecatum
1819 4126 1863 4203 et

156 4227 244 4316 rico
276 4235 319 4318 et
350 4257 457 4317 vase
494 4239 629 4318 aareo
665 4230 979 4342 portaverunt?
1031 4243 1270 4340 postquam
1288 4257 1387 4318 cum
1402 4229 1581 4317 Christo
1600 4254 1698 4316 esse
1717 4235 1861 4338 crape·

113 4290 118 4473 1
156 4341 279 4431 suus
296 4345 490 4432 omnium
503 4344 800 4432 aeclesiarum
813 4345 980 4460 papus,
1031 4347 1129 4447 snt,
1147 4346 1289 4431 minus
1304 4341 1536 4432 valebunt?
1562 4343 1726 4430 Paulus
1740 4345 1862 4452 Apo-

113 4508 119 4583 3
158 4457 228 4564 qui
258 4462 541 4545 occurrerunt
572 4461 735 4546 sanctis
761 4460 979 4568 Reliquiis
1032 4460 1172 4547 stolus
1212 4459 1425 4546 ducentas
1471 4463 1748 4568 septuaginta
1783 4481 1863 4542 sex

157 4580 198 4655 et
219 4579 338 4659 tanta
364 4572 536 4678 laetitia,
565 4573 690 4681 quasi
713 4578 979 4681 praesantem
1032 4572 1116 4660 sibi
1140 4574 1247 4661 dicit
1268 4575 1312 4657 in
1334 4573 1436 4658 navi
1454 4572 1622 4658 animas
1641 4568 1861 4656 condona·

157 4684 456 4794 viventamque
508 4686 778 4796 Prophatam
833 4692 978 4773 carne·
1031 4696 1119 4790 tas3
1154 4698 1200 4775 et
1234 4698 1472 4795 postquam
1506 4685 1729 4772 resolatus
1762 4707 1862 4772 esse

156 4807 258 4900 rent,
275 4803 578 4908 susceparunt3
601 4810 651 4887 ut
669 4801 725 4887 de
742 4801 979 4888 Palaestina
1031 4803 1219 4910 craperit
1254 4826 1353 4887 cum
1389 4799 1587 4901 Christo,
1631 4808 1736 4885 tunc
1782 4823 1861 4884 ora

156 4935 288 5016 usque
327 4911 655 5000 Chalcadonem
699 4915 979 5021 jungerentur
1030 4915 1258 5002 clausarus
1277 4924 1355 5016 est,
1376 4924 1419 5000 et
1436 4938 1519 5021 pro
1538 4913 1592 4996 iis
1607 4911 1683 5018 qui
1700 4909 1745 4995 in
1762 4921 1859 4999 toto

157 5024 415 5131 popularum
438 5027 656 5131 examina,
681 5036 726 5114 et
747 5028 793 5112 in
817 5027 979 5114 Christi
1031 5029 1140 5115 orbe
1167 5027 1225 5114 ad
1253 5055 1380 5114 suum
1407 5024 1695 5130 Evangelium
1721 5025 1859 5115 credi-

157 5135 300 5224 laudes
316 5166 405 5229 una
421 5165 534 5229 voce
552 5139 835 5229 resonarent?
860 5141 978 5228 vida-
1030 5139 1189 5228 derunt
1210 5147 1369 5228 mutire
1387 5167 1476 5226 non
1493 5137 1681 5248 poterit?
1698 5135 1724 5237 a
1744 5139 1860 5224 Male

157 5247 257 5338 licet
277 5252 522 5342 adorabant
544 5255 792 5342 Samualem
818 5268 863 5343 et
888 5283 977 5344 non
1029 5256 1134 5342 facit
1147 5280 1253 5361 ergo
1267 5258 1495 5342 Romanus
1508 5254 1770 5363 Episcopus,
1786 5252 1861 5360 qui

159 5363 387 5472 Christum,
419 5371 540 5476 cujus
567 5371 743 5456 Samuel
774 5381 819 5457 et
844 5371 979 5457 levita
1031 5395 1165 5479 super
1191 5374 1467 5456 mortuorum
1493 5367 1720 5455 hominum
1742 5366 1861 5452 Petri

158 5485 199 5563 ct
213 5481 451 5591 prophetes
469 5482 560 5570 fuit.
597 5484 821 5571 Mortuum
839 5485 978 5593 suspi·
1029 5492 1074 5570 et
1087 5482 1222 5586 Pauli,
1240 5483 1485 5569 secundum
1502 5506 1597 5583 nos,
1616 5506 1718 5568 ossa
1732 5505 1859 5566 vene·

157 5591 279 5698 caris;
297 5595 519 5685 etidcirco
538 5595 831 5705 blasphemas.
856 5597 977 5704 Lege
1028 5596 1182 5702 nanda,
1208 5597 1451 5685 secandum
1473 5607 1537 5700 te,
1564 5594 1697 5682 vilem
1720 5593 1859 5704 pulvi·
