4402 6190
921 1701 1326 1830 Homilia

271 1943 454 2028 dicenda
487 1946 528 2026 in
561 1945 776 2034 Matutino
809 1953 935 2036 unius
969 1955 1174 2063 Martyris
1207 1985 1295 2042 non
1328 1961 1568 2058 Pontificis‚
1602 1963 1777 2066 quando
1813 1964 1973 2048 dicitur
2014 1975 2019 1986 '

845 2094 996 2177 Missa:
1041 2097 1094 2179 In
1120 2097 1282 2185 virtute
1306 2110 1394 2187 tua.

270 2397 424 2484 Lectio
448 2403 588 2488 sancti
605 2403 831 2510 Evangelii
854 2407 1095 2494 secundnm
1197 2421 1249 2526 li.
1293 2415 1466 2501 Corena
1501 2421 1635 2500 aerea
1670 2439 1805 2522 snper
1839 2425 1974 2526 caput

547 2515 816 2604 Matthaeum.
1145 2529 1247 2634 ejus,
1267 2535 1290 2586 *
1314 2527 1538 2635 Expressa
1564 2526 1689 2634 signo
1716 2527 1973 2630 sanctitatis,

345 2646 497 2732 Lectio
517 2649 584 2732 vii.
831 2653 934 2760 Cap,
951 2659 1015 2740 10,
1143 2641 1285 2748 gleria
1301 2641 1482 2727 honeris
1502 2651 1548 2728 et
1565 2663 1678 2749 opus
1693 2640 1972 2729 fortitudinis

267 2767 345 2985 In
362 2778 438 2864 illo
452 2780 668 2885 tempore:
685 2779 807 2865 Dixit
820 2781 949 2866 lesus
967 2781 1094 2870 disci·
1145 2754 1197 2856 lis·
1239 2755 1458 2887 Queniam
1491 2755 1767 2886 praevenisti·
1787 2779 1887 2841 eum
1924 2755 1972 2840 in

338 2891 454 2998 pulis
474 2892 583 2977 suis:
607 2893 756 2981 Nolite
774 2894 978 2981 arbitrari
992 2898 1095 3003 quia
1143 2866 1523 2954 benemctrembus
1549 2865 1809 2970 dulcedinis,
1839 2893 1971 2974 posu.

268 3030 425 3111 pacem
443 3004 636 3091 venerim
652 3011 826 3094 mittere
850 3008 1093 3095 interram:
1143 2981 1217 3113 5⁸,fi
1241 2979 1286 3067 5¹¹
1309 2981 1456 3112 cipite
1480 2982 1572 3088 ejus
1595 2984 1807 3066 corenam
1827 2977 1883 3066 (10
1909 2979 1969 3066 15·

266 3141 357 3202 non
380 3117 480 3203 veni
501 3142 660 3226 pacem
684 3124 876 3222 mittere,
899 3119 981 3209 sed
1003 3123 1091 3228 gla-
1144 3093 1249 3204 Plde
1265 3097 1475 3204 Ρῐθῗῑόθθ·
1504 3093 1738 3234 &priese-

268 3227 400 3318 dium.
426 3231 485 3318 Et
500 3229 680 3339 reliqua.
1295 3331 1305 3350 ‚
1405 3217 1578 3348 ‘L00fl0
1598 3245 1682 3299 Vlll.
1855 3329 1865 3348 ‚

361 3404 553 3492 Homffla
579 3405 719 3490 sancti
744 3407 1004 3516 Hieronymi
1144 3322 1475 3537 Vitta
1501 3328 1973 3550 {tltttullmst

436 3662 442 3676 Ι
549 3517 811 3677 ΡΥΘΒΒῩῗθΓῨ*
1141 3557 1266 3644 locus
1291 3581 1436 3665 prope
1461 3552 1619 3640 iisdem
1644 3552 1791 3641 verbis
1820 3554 1866 3639 in
1891 3555 1971 3643 lli-

400 3661 481 3732 le·
508 3665 535 3734 1.
560 3685 599 3732 nr
623 3664 755 3736 llarth.
780 3666 873 3755 Cap.
900 3667 956 3739 10.
1142 3668 1266 3755 chae'a
1283 3666 1499 3754 scrstritur.
1530 3667 1588 3753 Et
1604 3666 1859 3771 notandum,
1876 3668 1971 3756 ubi·

360 3804 478 3889 upra
504 3778 693 3867 dixerat:
729 3780 860 3885 Quod
887 3782 988 3869 dico
1015 3810 1089 3870 vo·
1141 3790 1330 3890 cumque
1347 3778 1403 3868 de
1417 3781 1555 3867 reteri
1566 3784 1832 3868 testamento
1847 3783 1970 3870 testi·

289 3994 292 3997 ,
325 3966 331 3985 ,
357 3948 360 4007 7
382 3891 451 3978 bis
469 3893 515 3976 in
532 3892 736 3996 tenebris,
755 3894 887 3983 dicite
905 3896 950 3982 in
966 3896 1089 3983 lemi-
1139 3896 1335 3981 menium
1378 3895 1576 4005 penitur,
1623 3903 1769 3980 utrum
1811 3919 1970 3982 sensns

342 4030 350 4043 ·‘
382 4031 455 4111 ne;
486 4016 531 4093 et
562 4006 682 4115 quod
710 4007 755 4094 in
787 4035 892 4096 aure
918 4010 1089 4115 auditis,
1139 4019 1310 4097 tantum
1333 4033 1390 4094 an
1412 4032 1558 4095 sermo
1582 4007 1840 4095 consentiat
1883 4011 1970 4114 Qui

265 4117 505 4227 praedicate
524 4145 657 4228 super
674 4130 811 4209 tecta:
828 4149 944 4211 nunc
959 4123 1090 4212 infert
1140 4134 1257 4209 amat
1297 4131 1471 4231 patrem
1510 4131 1586 4208 aut
1624 4131 1810 4208 matrem
1849 4123 1970 4231 plus·

265 4230 372 4342 quid
406 4242 525 4344 post
544 4233 905 4343 praedicatienem
936 4244 1089 4347 sequa·
1141 4261 1273 4345 quam
1289 4261 1372 4339 me,
1389 4260 1479 4321 non
1497 4243 1566 4321 est
1581 4259 1653 4320 me
1671 4232 1840 4339 dignus.
1883 4237 1968 4340 Qui

234 4356 344 4448 tur.
388 4345 461 4432 Ad
482 4345 618 4433 fidem
642 4347 804 4436 Christi
826 4359 947 4438 totus
969 4351 1090 4438 orbis
1139 4359 1241 4437 ante
1257 4353 1547 4457 praemiserat:
1570 4347 1674 4434 Non
1692 4348 1794 4433 veni
1809 4373 1967 4455 pacem

264 4470 419 4547 contra
441 4485 489 4546 se
513 4459 679 4546 divisus
702 4472 786 4550 est:
811 4467 1089 4572 unaquaeque
1139 4468 1328 4566 mittere,
1355 4461 1436 4550 ced
1462 4460 1672 4568 gladium,
1700 4471 1745 4547 et
1768 4459 1967 4548 dividere

263 4571 422 4660 domus
457 4582 502 4661 et
535 4572 737 4660 infideles
776 4584 822 4661 et
857 4574 1088 4664 credentes
1138 4576 1337 4662 hemines
1361 4574 1573 4662 adversus
1595 4584 1782 4684 patrem,
1808 4583 1853 4662 et
1876 4599 1966 4661 ma·

262 4685 432 4790 hebuit,
463 4695 508 4772 et
534 4689 772 4795 propterea
797 4687 961 4775 bellum
987 4689 1086 4776 mis-
1138 4699 1272 4793 trem,
1301 4715 1459 4776 nurum
1487 4698 1531 4775 et
1558 4712 1753 4792 socrum;
1781 4713 1839 4775 ne
1867 4690 1966 4799 quis

262 4826 360 4888 sum
377 4810 444 4889 est
457 4799 634 4902 bonum,
647 4809 696 4888 ut
708 4805 985 4910 rumperetur
997 4829 1087 4912 pax
1120 4803 1350 4911 ¹pietatem
1367 4800 1568 4908 religioni
1589 4800 1964 4904 anteferretsub-

261 4914 387 5002 mala.
430 4913 539 5000 Tale
564 4912 739 5022 quidet
761 4914 807 4999 in
826 4915 988 5002 Genesi
1012 4916 1086 5004 ad·
1139 4916 1239 5020 iecit
1256 4915 1425 5003 dicens:
1460 4916 1545 5020 Qui
1562 4925 1680 5002 amat
1697 4924 1871 5024 patrem
1889 4927 1966 5003 aut

261 5032 414 5114 versus
435 5026 621 5114 rebelles
639 5025 855 5128 hemines,
880 5027 955 5134 qui
977 5030 1088 5115 moti
1137 5038 1322 5115 matrem
1340 5029 1576 5138 plusquam
1592 5053 1674 5114 me.
1716 5027 1775 5114 Et
1791 5027 1837 5111 in
1856 5027 1965 5115 Cen·

260 5141 433 5228 fuerant
479 5138 536 5226 de
579 5139 778 5236 Oriente,
828 5152 874 5227 et
921 5149 1087 5229 turrem
1137 5141 1228 5229 tico
1253 5141 1437 5247 legimus
1464 5141 1750 5228 canticorum:
1778 5141 1963 5228 Ordina-

261 5261 487 5341 exstniere
521 5253 806 5357 festinebant,
837 5279 919 5361 per
954 5281 1086 5363 quam
1137 5254 1201 5340 vit
1223 5254 1269 5340 in
1291 5280 1363 5342 me
1387 5254 1626 5342 caritetem.
1668 5253 1754 5341 Hic
1779 5253 1892 5342 ordo
1919 5255 1964 5340 in

260 5367 364 5455 coeli
379 5368 468 5454 alta
484 5371 783 5476 penetrarent,
806 5366 963 5456 fecisse
982 5373 1085 5455 scri·
1137 5367 1259 5480 omni
1276 5367 1436 5454 affectu
1452 5367 1727 5454 necessarius
1744 5379 1823 5456 est
1849 5368 1964 5454 Ama

259 5481 377 5569 bitur
408 5481 546 5585 Deus,
581 5489 631 5566 ut
663 5479 881 5569 divideret
915 5480 1085 5589 linguas
1136 5490 1241 5587 post
1252 5480 1409 5680 filiium
1431 5491 1619 5590 patrem,
1644 5506 1744 5568 ama
1764 5491 1962 5585 matrem,

260 5599 425 5682 eerum
1137 5617 1236 5679 ama
1303 5593 1380 5680 'os
