4382 6202
474 530 515 596 ln
540 529 789 598 Solemnitute
814 529 849 597 S.
872 527 1014 598 Isidori
1035 527 1276 614 Archicpisc.
1300 525 1559 612 Hispalensis.
1821 517 1886 592 15⁸

174 720 717 942 natalitiae}
732 711 1006 925 {litlot
1056 708 1681 933 {altissidiori
1709 707 1886 934 aliti

177 957 221 1032 et
231 945 378 1047 coluit
393 955 527 1051 atque
539 938 802 1040 oberravit,
816 949 865 1026 ut
875 937 1007 1023 etiam
1058 940 1221 1026 factum
1245 948 1326 1040 est,
1350 949 1400 1026 ut
1422 939 1613 1045 regibus,
1637 950 1682 1027 et
1697 941 1886 1048 populis,

176 1058 437 1144 adolescens
461 1058 552 1160 eius
576 1056 856 1152 assertorem,
878 1051 1006 1136 intre·
1059 1078 1140 1140 eeu
1174 1063 1485 1160 pateremus,
1523 1062 1569 1138 et
1603 1049 1886 1140 admirandus

175 1170 328 1280 pidam
350 1169 660 1256 haereticorum
681 1164 912 1274 perfidiam
931 1192 1005 1274 pa·
1059 1177 1192 1269 esset,
1220 1177 1265 1254 et
1290 1165 1347 1252 ab
1373 1165 1576 1253 omnibus
1601 1166 1659 1251 ob
1684 1167 1887 1252 eximiam

176 1285 265 1370 lam
300 1282 546 1389 arguend0,
581 1305 679 1366 sese
713 1279 1008 1388 profiteretur.
1059 1279 1407 1382 sanctimoniam,
1431 1289 1477 1366 et
1502 1278 1793 1366 eruditionem
1811 1281 1886 1364 Hi·

177 1399 275 1484 Nec
313 1394 663 1483 adversariorum
697 1393 918 1499 potentia,
963 1404 1008 1480 et
1059 1395 1310 1500 spaniarum
1357 1394 1530 1480 Doctor
1581 1393 1888 1501 appellaretur.

178 1510 308 1595 minis
333 1519 465 1617 atque
489 1508 622 1592 variis
644 1504 814 1592 artibus
837 1506 1007 1615 impeti·
1059 1506 1155 1592 Nec
1179 1508 1413 1612 immerito;
1444 1509 1542 1615 ipse
1574 1509 1690 1592 enim
1719 1509 1888 1593 litteras

178 1633 261 1725 tus,
280 1650 306 1708 a
324 1621 556 1721 constanti,
573 1632 619 1706 et
631 1619 771 1706 libera
786 1619 892 1706 ndei
906 1645 1007 1705 con·
1059 1621 1145 1726 jam
1159 1619 1473 1722 exolescentes,
1492 1632 1537 1707 et
1552 1621 1747 1707 omnium
1760 1619 1888 1708 disci-

178 1735 379 1836 sessione,
398 1744 442 1820 et
456 1735 634 1818 Arianae
652 1733 884 1850 pravitatis
897 1733 1008 1818 inse·
1058 1732 1279 1840 plinarum
1316 1733 1463 1818 stadia
1492 1758 1572 1819 suo
1603 1734 1736 1821 nitori
1764 1739 1888 1820 resti·

177 1848 369 1934 ctatione
397 1849 542 1956 potuit
569 1845 799 1935 deterreri:
833 1871 920 1952 qua
952 1846 1007 1934 de
1059 1846 1155 1930 tuit.
1211 1844 1467 1953 Discipulos
1513 1843 1668 1934 habuit
1714 1848 1889 1949 multos,

176 1985 224 2045 re
255 1961 302 2044 in
329 1959 609 2046 manifestum
637 1961 742 2045 vitae
773 1957 1007 2044 discrimen
1060 1958 1263 2062 egregios
1286 1958 1527 2065 primirum
1543 1958 1716 2044 sedium
1731 1964 1889 2067 postea

176 2073 339 2179 saepius
357 2073 624 2175 incurrisset,
641 2072 727 2158 nisi
745 2073 1008 2181 opportimis
1061 2074 1314 2179 episcopos,
1348 2071 1458 2157 etin
1481 2069 1550 2155 his
1572 2070 1890 2179 ildephonsum

177 2186 318 2271 sancti
335 2185 527 2272 Leandri
546 2185 741 2272 consiliis
758 2189 1008 2293 temperato
1060 2183 1336 2284 Toletanum,
1361 2193 1406 2270 et
1423 2184 1706 2270 Braulionem
1724 2185 1890 2271 Caesar·

175 2298 398 2385 interdum
417 2299 576 2385 ardore
590 2298 733 2402 animi,
750 2299 794 2382 in
815 2299 1007 2384 occasio·
1060 2301 1361 2402 augustanum.
1413 2296 1678 2405 Eloquentia
1709 2299 1791 2384 fuit
1817 2299 1891 2385 ad·

175 2436 278 2497 nem
300 2410 648 2499 commodiorem
673 2437 721 2497 se
745 2411 1009 2498 servandum
1059 2409 1249 2495 mirabili
1272 2420 1317 2497 et
1335 2409 1507 2495 efficaci
1528 2411 1571 2494 in
1594 2410 1892 2513 concionibus,

176 2529 365 2632 putaret
418 2524 689 2613 Praeviderat
723 2524 1008 2634 prudentissi·
1062 2548 1172 2631 quas
1202 2522 1396 2611 habebat
1425 2524 1804 2632 frequentissimas
1833 2523 1892 2612 ad

176 2664 275 2723 mus
291 2638 462 2724 Praesul
481 2637 663 2725 fratrem
682 2639 765 2724 sibi
784 2643 1009 2724 successo·
1060 2661 1208 2722 mores
1240 2637 1514 2739 formandos,
1545 2648 1590 2722 et
1621 2637 1666 2721 in
1699 2637 1891 2745 disputa·

177 2776 271 2837 rem
315 2750 430 2854 fore,
481 2754 661 2862 ejosque
706 2750 1009 2838 admirabilem
1060 2750 1265 2854 tionibus,
1288 2751 1446 2858 quibus
1464 2751 1675 2836 Arianam
1692 2751 1891 2858 impieta·

178 2865 476 2968 sanctitatem,
512 2876 558 2952 et
588 2866 836 2952 doctrinam
864 2865 1008 2973 profe·
1059 2873 1151 2949 tem
1168 2866 1345 2972 penitus
1363 2864 1646 2966 confutatam,
1665 2864 1892 2972 exHispa·

177 2990 298 3064 ctum
320 2977 428 3064 alias
446 2983 657 3086 majorem
675 2979 889 3066 Ecclesiae
907 2979 1008 3065 assa·
1060 2978 1147 3064 niae
1163 2977 1324 3065 sinibus
1342 2977 1664 3082 exterminavit,
1687 3004 1893 3064 unacum

176 3097 332 3177 turam.
375 3092 507 3195 Quod
531 3119 677 3178 rerum
701 3097 884 3180 eventus
907 3118 1010 3201 pro·
1060 3090 1389 3199 Acephalorum
1423 3091 1602 3178 heresi:
1647 3093 1768 3198 cujus
1804 3092 1892 3178 Do·

176 3203 310 3289 bavit.
362 3203 478 3290 Nam
509 3205 712 3292 Leandro
743 3210 902 3313 postea
937 3205 1009 3293 de·
1062 3210 1231 3292 ctorem
1252 3205 1489 3313 quemdam
1508 3206 1773 3310 Gregorium
1789 3205 1892 3312 Epi·

176 3317 348 3419 foncto,
382 3318 581 3406 Isidorus
611 3345 772 3425 magno
805 3319 930 3422 cleri,
966 3328 1011 3404 et
1061 3342 1259 3424 scopum,
1283 3344 1434 3405 eoram
1449 3316 1651 3428 patribus
1669 3319 1715 3402 in
1732 3318 1893 3427 Hispa·

176 3432 332 3538 populi
350 3432 625 3540 Hispalensis
648 3437 882 3535 consensu,
906 3458 1010 3537 rege
1060 3429 1172 3516 lensi
1207 3433 1394 3518 concilio
1431 3437 1697 3534 convictum,
1734 3432 1792 3518 ad
1827 3458 1891 3517 sa·

178 3544 411 3632 Recaredo
433 3548 666 3646 annuente,
689 3549 919 3631 successor
938 3545 1010 3630 eli·
1061 3544 1230 3630 niorem
1268 3556 1459 3633 mentem
1501 3544 1738 3633 revocavit.
1792 3546 1892 3631 Fuit

176 3658 306 3762 gitur.
363 3658 495 3763 Cujus
536 3659 797 3744 electionem
832 3669 1010 3744 sanctus
1062 3659 1177 3742 enim
1198 3658 1243 3742 in
1267 3659 1495 3767 Hispaniae
1518 3656 1717 3743 conciliis
1740 3662 1892 3763 praeci·

181 3769 424 3876 Gregorio
436 3770 570 3879 Papa,
586 3771 724 3856 misso
739 3795 839 3855 eum
852 3795 1011 3876 magna
1061 3796 1150 3878 pua
1177 3773 1269 3876 ejus
1296 3773 1555 3873 auctoritas,
1587 3781 1632 3856 et
1658 3771 1892 3875 sententia3

179 3884 501 3973 benevolentiae
519 3885 839 3992 significatione
856 3883 1010 3986 Pallio,
1060 3884 1308 3990 praesertim
1338 3886 1384 3968 in
1414 3883 1611 3972 secando
1639 3883 1893 3992 Hispalensi

180 3996 468 4083 confirmavit.
1062 4007 1107 4084 et
1120 3997 1339 4083 Toletano
1355 3998 1519 4105 quinto,
1534 3997 1694 4105 quibus
1706 3997 1893 4105 praefuit.

229 4119 279 4222 R3.
307 4112 460 4196 Inveni
477 4108 635 4196 David.
1112 4118 1164 4223 E.
1189 4110 1325 4197 Posui
1343 4110 1621 4218 adjutorium

483 4227 637 4309 Lectio
658 4253 696 4307 v.
1360 4227 1513 4310 Lectio
1532 4227 1584 4306 vi.

177 4335 385 4546 Faetus
429 4363 537 4443 ergo
589 4347 725 4424 tantae
769 4336 1011 4444 provinciae
1064 4307 1241 4557 Quod
1258 4339 1518 4424 necessariis
1532 4339 1744 4426 Ecclesiae
1765 4364 1892 4424 occu·

281 4450 459 4559 praesul,
490 4451 555 4536 vir
580 4451 898 4551 sanctissimus,
922 4475 1011 4535 non
1178 4452 1430 4558 pationibus
1465 4458 1714 4562 supererat,
1749 4451 1795 4538 id
1828 4462 1893 4537 to·

181 4564 239 4650 ad
268 4569 496 4651 externum
521 4589 700 4673 pompae
728 4562 1012 4671 splendorem
1061 4572 1155 4649 tum
1185 4564 1297 4668 fere,
1334 4576 1379 4652 et
1410 4566 1703 4670 orationibus,
1739 4575 1784 4651 et
1816 4562 1892 4650 do·

182 4701 234 4762 ea
252 4676 465 4782 dignitate
485 4676 754 4764 abutendum
772 4676 907 4780 duxit,
931 4675 1012 4761 sed
1063 4675 1145 4762 etis
1155 4676 1533 4767 lucubrationibus
1547 4677 1893 4788 impertiebatur,

179 4789 239 4875 'ad
267 4816 378 4876 onus
404 4791 571 4898 potius,
599 4799 644 4876 et
671 4787 1011 4874 sollicitudinem
1063 4813 1162 4896 quae
1181 4791 1329 4894 multa,
1348 4798 1489 4901 eaque
1507 4793 1733 4901 praeclara,
1751 4789 1893 4876 excel·

181 4903 328 5008 gregis
346 4903 430 4990 sibi
450 4904 673 4990 commissi
691 4901 1010 4989 tantumhono·
1061 4900 1190 4988 lentis
1218 4904 1378 5008 ingenii
1402 4909 1685 4992 monumenta
1708 4905 1893 5012 peperit,

181 5041 276 5102 rem
298 5017 492 5104 delatum
513 5017 740 5103 intellexit.
780 5015 915 5102 Dedit
932 5021 1009 5101 ita·
1063 5017 1224 5122 quibus
1241 5017 1599 5105 Ecclesiasticam
1618 5015 1895 5125 disciplinam

184 5155 269 5238 que
290 5134 471 5238 operam
492 5141 540 5216 ut
559 5130 718 5217 ceteris
737 5129 1011 5237 praeluceret
1062 5129 1246 5214 multum
1276 5132 1503 5238 provexit,
1539 5142 1583 5217 et
1619 5131 1765 5216 stadia
1800 5129 1893 5214 illu-

183 5267 239 5329 ne
253 5241 362 5350 quid
375 5241 432 5330 de
445 5245 630 5350 pristina
645 5243 750 5329 vitae
764 5241 1011 5338 severitate,
1063 5243 1230 5330 stravit.
1275 5244 1383 5346 Quae
1412 5244 1545 5350 digna
1571 5244 1667 5328 visa
1695 5254 1810 5346 sunt,
1839 5269 1894 5328 ex

184 5365 228 5441 et
254 5357 489 5442 sanctitate
514 5360 772 5456 remitteret,
805 5356 909 5463 quin
934 5359 1010 5462 po·
1064 5353 1221 5463 quibus
1239 5382 1329 5442 non
1347 5383 1490 5466 pauca
1508 5357 1552 5440 in
1571 5381 1720 5442 sacras
1733 5357 1893 5440 Decre-

182 5468 270 5554 tius
286 5494 459 5556 morum
479 5470 790 5574 integritatem,
814 5479 858 5554 et
876 5468 1010 5553 omni·
1062 5472 1218 5570 torum,
1242 5480 1287 5556 et
1305 5470 1600 5557 Conciliorum
1617 5469 1892 5555 constitutio·

183 5607 258 5667 um
291 5583 503 5670 virtatum
538 5586 812 5685 ornamenta,
853 5581 1011 5688 quibus
1061 5605 1140 5669 nes
1163 5584 1571 5672 transcriberentur.
1612 5583 1722 5668 Cum
1745 5591 1893 5669 autem
