4378 6202
991 528 1104 596 Festa
1127 529 1243 596 lunii.
1269 530 1323 612 (3.)

298 739 396 798 sum
414 738 512 799 esse
529 711 683 816 veluit3
702 720 746 797 et
764 736 896 819 quem
913 710 1126 820 sespitem
1179 719 1265 812 cat;
1287 713 1430 816 eeque
1452 712 1721 816 magnapere
1744 732 1866 809 cura,
1887 717 2008 795 nete

299 826 588 926 exaltaverat,
635 825 767 912 etiam
809 834 912 932 post
957 824 1127 911 ebitum
1177 825 1414 931 praetereat
1429 819 1721 908 nundinarum
1738 820 1927 925 occasio,
1945 830 2007 906 at·

297 939 497 1046 plurimis
539 938 761 1024 miraculis
805 934 1010 1043 dignatus
1047 948 1126 1023 est.
1178 961 1265 1042 que
1300 935 1674 1023 commercierum.
1726 935 1858 1039 Fugit
1893 934 2009 1021 enim

298 1051 443 1153 Quare
466 1051 572 1136 Pius
593 1051 750 1137 Nonus
768 1051 972 1137 Pontifex
989 1051 1125 1135 Maxi·
1176 1059 1368 1156 tempus,
1389 1073 1472 1136 nec
1495 1051 1724 1155 exspectat
1747 1052 2009 1134 morantem:

155 1171 158 1177 '
297 1190 394 1249 mus
418 1189 499 1272 per
522 1164 714 1250 Litteras
737 1165 783 1249 in
806 1165 948 1251 forma
971 1164 1126 1250 Brevis
1176 1162 1382 1248 festinant
1405 1160 1517 1264 dies,
1544 1186 1723 1266 segnem
1746 1170 2008 1268 praetcrgre·

297 1276 496 1384 prolatas
523 1277 738 1365 Kalendis
771 1277 979 1363 Octebris
1011 1302 1125 1362 anno
1178 1273 1369 1377 dianna,
1387 1275 1446 1360 ob
1464 1275 1601 1381 idque
1614 1272 1874 1360 mandatum
1885 1273 2009 1359 velut

297 1389 528 1476 millesimo
542 1391 903 1495 octingentesimo
918 1391 1125 1498 quinqua·
1177 1388 1348 1494 fugiens
1363 1384 1522 1491 detine,
1542 1411 1596 1474 ac
1609 1387 1797 1472 confice:
1816 1396 1861 1474 et
1873 1383 2008 1472 unde·

297 1504 465 1606 gesimo
494 1502 690 1590 secundo
715 1514 764 1590 ut
787 1503 953 1590 Beatus
977 1503 1126 1612 appel·
1178 1501 1288 1589 libet
1322 1505 1549 1609 arreptum
1579 1500 1694 1586 ulnis
1728 1500 2010 1607 amplectere.

297 1614 396 1716 lari,
425 1617 606 1724 ejusque
629 1616 833 1702 Officium
856 1627 901 1702 et
923 1617 1059 1702 Missa
1082 1617 1126 1700 in
1177 1614 1296 1701 Dato
1318 1641 1478 1722 pauca,
1504 1622 1549 1700 et
1572 1613 1713 1701 multa
1731 1617 2010 1722 comparato:

298 1728 509 1814 Ecclesiis
549 1730 617 1815 sui
652 1728 830 1818 Ordinis
866 1728 1023 1816 eedem
1059 1731 1127 1814 sui
1179 1728 1399 1815 exsolvito
1435 1727 1745 1836 primigenium
1775 1731 2010 1833 peccatum

299 1840 447 1943 abitus
463 1841 535 1930 die
549 1844 784 1950 quotannis
798 1842 1013 1930 celebrari
1025 1867 1126 1950 pos·
1178 1841 1447 1927 cibarierum
1485 1840 1732 1947 largitione.
1790 1839 2010 1944 Quemad-

299 1943 379 2053 ‘set
396 1952 734 2041 clementissime
750 1954 942 2042 indulsit
1177 1954 1362 2040 modum
1385 1955 1502 2040 enim
1524 1952 1671 2041 Adam
1695 1952 1901 2062 improbo
1930 1977 2010 2038 esu

355 2073 405 2176 lp.
426 2067 682 2154 Istehomo.
1178 2071 1412 2175 peccatum
1428 2067 1684 2170 transmisit,
1705 2066 2009 2152 sicnosinin·

523 2223 571 2298 11,
589 2222 660 2299 ΠΙ,
679 2221 902 2298 Nocpumst
1179 2178 1415 2266 sidiantem
1434 2205 1582 2267 escam
1600 2179 1847 2283 abolemus,
1869 2180 1909 2264 si
1926 2179 2010 2264 fra·

301 2337 453 2423 lectio
478 2339 618 2423 saneti
638 2337 866 2444 Evangpffi
888 2337 1128 2424 secandum
1178 2295 1260 2380 tris
1278 2295 1592 2427 necessitatem
1616 2293 1867 2426 famemque
1886 2297 2009 2380 cura·

609 2450 847 2536 Marcum„
1179 2433 1288 2491 mus,
1347 2405 1681 2518 ll.Smtlumb1.

382 2575 532 2659 Lectio
554 2577 622 2656 vii.
897 2576 999 2680 Cap.
1015 2577 1050 2656 8.
1482 2555 1638 2637 Lectio
1656 2557 1710 2635 ix·

298 2681 375 2896 In
384 2691 460 2777 illo
469 2697 685 2803 tempore:
698 2695 843 2798 Quum
853 2692 983 2780 turba
992 2693 1129 2780 multa
1275 2684 1383 2771 abes
1400 2711 1489 2770 non
1510 2711 1652 2793 pauca
1672 2693 1767 2770 tum
1786 2709 1841 2767 ex
1858 2680 2011 2784 veteri,

364 2815 482 2911 esset
516 2833 617 2892 cum
647 2809 771 2912 Jesu,
805 2834 887 2894 nec
917 2806 1129 2894 haberent
1296 2808 1390 2883 tum
1409 2824 1465 2884 ex
1482 2824 1601 2884 novo
1620 2799 1907 2885 Testamento
1926 2794 2011 2880 ira·

301 2917 422 3024 quod
439 2922 769 3023 manducarent,
793 2921 1048 3007 convocatis
1067 2919 1129 3005 di·
1179 2911 1294 2998 terni
1312 2913 1474 2996 amoris
1492 2910 1710 3019 exempla:
1728 2935 1880 2995 senem
1894 2906 2011 2993 fame

301 3031 495 3139 scipulis,
529 3035 591 3120 ait
619 3035 721 3120 illis:
752 3036 965 3120 Misereor
996 3058 1129 3142 super
1180 3021 1455 3109 laborantem
1479 3026 1517 3109 si
1533 3025 1714 3125 videris,
1740 3025 1919 3109 accerse
1943 3021 2010 3128 ip·
2181 3088 2182 3091 κ

300 3142 485 3230 turbam.
511 3147 570 3232 Et
587 3148 767 3257 reliqua.
836 3209 841 3220 ,
1181 3162 1279 3220 sum
1307 3147 1351 3223 et
1380 3138 1465 3240 ale,
1493 3136 1616 3223 velut
1638 3138 1664 3221 J
1666 3135 1858 3243 osephus
1883 3133 1908 3218 J
1909 3137 2010 3218 aco-

335 3285 526 3372 Homilia
544 3289 684 3373 sancti
701 3287 854 3374 Basilii
874 3285 1098 3395 Episcopi.
1179 3248 1310 3389 belm),
1325 3251 1550 3382 {nimiam
1574 3251 1611 3334 Si
1634 3249 1852 3388 ΓθΡὸῐθῖξΒ
1873 3247 1919 3332 in
1937 3273 2011 3331 an·

514 3413 572 3484 De
591 3409 874 3481 diversishom.
891 3407 924 3476 8.
1179 3373 1336 3466 gustus
1380 3368 1593 3470 mmmm,
1637 3387 1693 3448 1¹0
1730 3361 1918 3466 adiunge
1951 3359 2012 3446 ad

456 3511 552 3597 ides
577 3523 622 3599 et
644 3513 741 3619 ipse
763 3521 963 3598 nostrum
984 3514 1129 3598 Deum
1180 3473 1290 3560 iram
1314 3501 1400 3582 qua
1424 3477 1657 3584 occuparis
1680 3474 1906 3574 ultienem,
1929 3471 2013 3558 sed

323 3702 338 3739 Ὗ
365 3604 392 3675 ‘r
417 3648 441 3733 5²
473 3626 709 3734 praetffifis
726 3651 816 3712 non
833 3652 933 3711 mro
953 3624 1049 3710 ὥ
1066 3625 1127 3710 in,
1180 3587 1265 3690 ale,
1289 3589 1409 3675 velut
1427 3589 1500 3676 ille
1520 3589 1679 3674 iratres
1697 3615 1723 3674 a
1742 3585 1900 3694 quibus
1919 3585 2010 3671 irie·

341 3708 368 3777 3'*
438 3728 440 3733 ‘
473 3738 736 3842 commodis,
761 3739 1001 3825 esurientes
1027 3764 1127 3824 con,
1179 3712 1248 3787 rat
1266 3702 1482 3791 venditus.
1521 3703 1567 3788 Si
1585 3701 1793 3789 incideris
1812 3701 1857 3784 in
1874 3701 2009 3806 junio·

301 3854 467 3942 d01pnfi
494 3855 641 3940 animo
673 3853 883 3938 misereri,
913 3853 1128 3938 Misereor
1179 3839 1272 3899 rem
1298 3816 1572 3920 afflictatum,
1597 3818 1660 3902 ita
1684 3841 1784 3900 eum
1800 3813 2009 3946 deflecto,

300 3966 795 4076 enjm‚1nqujt‚ffibae,
840 3967 985 4069 Quase
1013 3975 1057 4050 et
1082 3965 1127 4050 in
1179 3937 1229 4013 ut
1249 3927 1322 4015 ille
1345 3931 1571 4036 Beniamin
1595 3933 1835 4015 senectutrs
1858 3925 2009 4059 lihum.

274 4103 276 4113 ἱ
300 4084 496 4167 extremo
511 4079 682 4186 judicio,
696 4079 772 4166 ubi
786 4078 976 4166 advocat
989 4080 1152 4185 justos.
1180 4039 1546 4174 Unumq¹¹⁶1¹3q¹¹0
1560 4038 2009 4169 autflfflJudexlUStFS

298 4193 532 4295 Deminus‚
555 4193 702 4278 locum
725 4193 916 4300 primum
938 4197 1128 4300 occupat
1178 4154 1544 4240 remunerabrtur:
1562 4179 1697 4287 quem
1713 4151 1842 4292 decet
1859 4151 2009 4257 816Πῶ

300 4306 376 4414 qui
398 4306 546 4411 largus
573 4305 652 4391 fuit
679 4331 731 4390 ἃς
758 4305 967 4390 liberalis,
994 4309 1127 4394 nutri,
1179 4269 1378 4374 potestas
1401 4279 1445 4354 et
1463 4268 1666 4356 adoratro
1685 4295 1730 4351 rn
1748 4265 1912 4351 saecula
1930 4290 2009 4349 sae·

298 4429 372 4506 tor
389 4420 552 4529 primas
570 4427 692 4504 tenet
713 4418 826 4506 inter
849 4443 943 4521 eos,
969 4416 1127 4526 quibus
1179 4380 1388 4465 mmmm·
1416 4383 1570 4468 Amen·

297 4533 481 4642 praemia
511 4532 685 4619 dantur:
714 4557 874 4639 panem
906 4532 982 4638 qui
1006 4531 1126 4616 mjnj.
1240 4503 1298 4588 lle
1315 4503 1461 4588 Deum
1477 4502 1720 4590 laudamus.

299 4649 471 4750 stravit,
501 4650 686 4732 vocatur
717 4654 818 4732 ante
851 4670 1020 4731 omnes:
1052 4645 1128 4753 qui
1435 4688 1516 4773 Ad
1542 4689 1740 4774 Laudes

298 4758 513 4866 benignus
532 4759 613 4846 fnit
636 4770 681 4846 et
701 4757 914 4862 liberalis,
938 4768 1039 4845 ante
1061 4761 1126 4842 re·
1497 4827 1538 4908 Η
1740 4753 1750 4775 ·

298 4872 443 4981 liquos
468 4875 607 4978 justos
635 4872 692 4960 ad
714 4872 849 4957 vitam
874 4872 1125 4957 transmitti·
1324 4952 1332 4973 ,
1488 4954 1497 4972 ‚
1539 4851 1705 4971 ymnus:
1807 4951 1816 4970 ‚

299 4995 381 5072 tur.
422 4986 506 5088 our
529 4985 1127 5073 illiberalisexstititetsor·
1290 4951 1892 5085 uvallemhacmsemma

300 5098 447 5200 didus,
471 5109 572 5185 aute
591 5126 743 5186 omnes
762 5102 1019 5206 peccateres
1037 5097 1127 5203 igni
1309 5067 1454 5175 Opem
1471 5071 1643 5172 sseeafltl
1660 5069 1832 5168 1161111111,

298 5210 497 5300 traditur,
564 5219 615 5321 R,
639 5214 730 5298 lste
750 5222 817 5297 est
836 5211 922 5318 qui,
1254 5180 1439 5377 Ptelesti
1455 5181 1512 5265 ab
1531 5203 1632 5264 arce
1653 5178 1905 5312 supplicum

594 5350 744 5433 Lectio
766 5351 847 5432 viij·
1292 5317 1428 5398 reces,
1446 5294 1649 5395 Joannes‚
1668 5295 1834 5401 excipe.

370 5484 442 5543 am
464 5467 509 5542 te
533 5457 590 5542 ad
612 5467 799 5542 matrem
819 5452 1128 5540 mandatorum
1213 5451 1418 5542 lbuantis
1435 5449 1547 5534 iram
1563 5449 1726 5554 mitiga,

394 5572 491 5679 ipsa
503 5570 715 5677 temporis
730 5567 1039 5677 opportunitas
1053 5590 1126 5651 vo·
1257 5565 1399 5669 Quam
1416 5563 1546 5671 culpa
1564 5572 1718 5648 nostra
1733 5565 1965 5670 prevocat3
