4402 6190
803 503 920 575 Festa
943 502 1133 574 Octobris.
1156 504 1222 588 (24.
1246 503 1313 587 25.)

409 700 492 786 Die
511 702 578 784 24.
597 700 815 787 Octobris.
1081 702 1220 808 pensi,
1238 701 1391 787 ferreis
1409 702 1583 807 ungulis
1602 702 1813 807 dilanieti,
1837 731 1909 789 va·

293 839 337 922 s,
363 836 639 943 Raphaplis
669 838 943 941 Archangeli,
1081 812 1244 921 riisque
1258 819 1576 901 tormenterum
1591 817 1825 921 generibus
1838 843 1909 903 ve·
2069 918 2072 925 Δ

363 940 366 951 ’
534 962 700 1052 Duplex.
873 964 880 970 ¹·
1081 929 1173 1014 neti
1197 939 1313 1014 sunt:
1338 926 1419 1014 sed
1440 928 1539 1016 Deo
1561 935 1840 1037 protegente,
1862 932 1909 1014 il·

259 1067 397 1139 Omnia
423 1077 466 1140 ut
493 1069 594 1140 inter
616 1070 715 1141 festa
737 1088 810 1157 pro
834 1067 1033 1157 aliquibus
1081 1039 1177 1125 lae‘fli
1195 1045 1437 1128 evaserunt

204 1164 303 1236 locis
327 1164 464 1237 eadem
487 1165 561 1237 die.
1139 1162 1192 1267 Re
1210 1155 1359 1241 Sancti
1378 1154 1453 1240 tui.

455 1326 464 1343 ,
637 1343 639 1349 k
1255 1284 1257 1289 ·
1395 1271 1548 1356 Lectio
1567 1300 1605 1355 v.
1744 1282 1746 1284 ’

409 1325 577 1482 131335·
597 1323 813 1481 03303333·
855 1368 858 1381 ’
962 1462 992 1482 „
1088 1375 1244 1592 Mox
1275 1382 1436 1467 Protus
1466 1379 1774 1488 presbyteria
1801 1384 1911 1468 Her·

237 1463 307 1548 Se·
328 1462 518 1559 Gavlm
537 1462 677 1546 Pr0t1
701 1473 744 1547 θῒ
760 1463 791 1546 J
793 1482 996 1548 anum
1090 1552 1092 1557 ,
1210 1494 1320 1580 culis
1353 1493 1560 1597 insulam,
1597 1518 1697 1600 quae
1734 1495 1911 1581 Lineria

494 1577 749 1680 Martyrum·
960 1694 962 1698 ,
1080 1607 1213 1714 vulgo
1234 1606 1409 1709 dicitur,
1433 1619 1538 1694 tunc
1557 1608 1702 1693 neniis
1719 1610 1910 1695 animili-

362 1813 367 1824 ,
534 1698 704 1826 Duplex3
831 1811 838 1825 ,
1079 1720 1164 1807 bus
1181 1722 1398 1824 refertam,
1420 1720 1597 1829 jubente
1615 1721 1818 1829 praeside,
1837 1724 1909 1810 de·

258 1809 395 1881 Omma
427 1811 475 1881 de
502 1811 706 1883 Communi
738 1811 889 1900 plurrm.
912 1811 1032 1898 Mars,
1080 1838 1285 1942 portetus
1307 1835 1403 1936 fuit,
1427 1845 1476 1921 ut
1499 1834 1653 1921 aseris
1678 1834 1910 1922 devorare·

204 1915 345 1994 praeter
368 1929 474 1996 sequ.
537 2003 576 2087 Ο
627 2003 659 2088 t,
1079 1958 1168 2033 tur:
1194 1948 1271 2034 ubi
1291 1948 1409 2049 cibo,
1434 1959 1568 2055 atque
1587 1948 1707 2033 omni
1721 1948 1912 2035 humina

578 2028 626 2088 33
647 2030 703 2088 ¹⁰·
1081 2086 1169 2169 ope
1191 2063 1368 2172 penitus
1392 2060 1645 2162 destitutus,
1669 2061 1818 2148 multis
1841 2089 1909 2149 ca·

204 2114 389 2330 Deus’
419 2125 492 2234 qni
519 2151 600 2234 per
626 2124 786 2211 333303
810 2126 1028 2234 Mamm
1079 2175 1348 2262 lamitetibus
1367 2179 1552 2261 venetus
1574 2174 1672 2259 fuit:
1697 2174 1780 2262 sed
1803 2175 1910 2262 divi·

312 2250 415 2372 i⁰⁰⁸
434 2239 668 2371 Gavinim’
692 2241 882 2372 prmum.
899 2249 944 2325 et
960 2239 1029 2377 33
1079 2291 1148 2373 nis
1165 2288 1370 2375 laudibus
1392 2286 1639 2390 intendens,
1661 2289 1717 2375 ab
1737 2315 1811 2393 e0‚
1834 2291 1910 2396 qui

201 2357 401 2452 suerrum
418 2352 663 2439 Ecclesram
686 2362 807 2438 tuam
824 2352 1027 2438 muabrh·
1081 2402 1157 2488 dat
1184 2428 1331 2488 escam
1363 2403 1674 2504 esurientibus,
1705 2402 1909 2489 mirabili·

199 2477 268 2553 ter
286 2467 506 2553 illustrare
526 2464 730 2571 dignatus
750 2493 814 2552 es:
833 2463 1028 2552 concede
1078 2526 1147 2601 ter
1171 2520 1400 2602 enutritus:
1425 2515 1513 2601 hoc
1541 2516 1672 2601 etiam
1698 2517 1789 2601 suis
1812 2520 1908 2625 pre,

198 2581 327 2667 ¹10bifl
350 2580 524 2666 ffimffifl
545 2581 648 2713 misi
672 2591 721 2665 ut
745 2604 858 2713 9¹¹⁰?
881 2583 1028 2687 patr6'
1080 2629 1205 2715 cibus
1222 2628 1483 2736 impetresse
1503 2629 1664 2715 dicitur
1693 2640 1741 2716 ut
1757 2654 1909 2716 omnes

198 2719 282 2778 nos
300 2698 560 2780 veneremur
584 2720 629 2776 m
652 2704 1027 2794 terris,.mterces·
1078 2744 1224 2828 ndxiae
1242 2744 1347 2828 ferae
1370 2743 1414 2826 in
1440 2767 1492 2828 ea
1514 2694 1674 2841 insula:
1695 2769 1748 2830 ac
1766 2744 1910 2829 vicina

199 2811 323 2892 seres
349 2805 513 2938 hahere
538 2811 785 2891 mercemur
816 2807 861 2890 in
892 2805 1028 2893 coelis.
1079 2856 1290 2958 Sardinia,
1305 2856 1503 2963 usquein
1515 2861 1782 2963 praesentem
1793 2854 1909 2944 diem

198 2920 550 3005 mmmmm·
1080 2974 1309 3056 exstinctae
1328 2974 1506 3057 omnino
1524 2969 1695 3056 fierint
1723 2971 1785 3056 At
1802 2997 1909 3059 vero

202 3048 607 3216 Dairlltaefifilaerommem.
639 3045 696 3118 Ss.
726 3046 964 3136 chrysanthi
995 3052 1032 3115 et
1078 3085 1311 3170 Januerius
1334 3084 1493 3191 junior,
1522 3081 1650 3169 donis
1675 3094 1721 3170 et
1743 3084 1909 3172 blandi·

257 3259 303 3329 In
332 3259 350 3329 1
383 3230 584 3330 Nocturna
614 3257 821 3331 Lectiones
854 3258 902 3328 de
933 3257 1032 3329 scri·
1078 3199 1152 3283 tiis
1169 3202 1381 3297 tentetus,
1401 3195 1600 3283 utafide
1620 3197 1846 3299 deiiceret,
1865 3200 1909 3282 in

204 3365 317 3444 pm„
341 3315 575 3428 occurrente.
922 3314 926 3320 “
1079 3312 1171 3416 eius
1196 3310 1475 3442 confessione
1499 3310 1736 3397 immebilis
1749 3336 1908 3442 ‚perse-

434 3498 485 3578 33
501 3497 553 3577 Π·
572 3493 797 3577 30333330·
1078 3423 1458 3622 {rgffivggfissffi
1467 3448 1910 3644 {ffiedrdidjsqddffi
1931 3455 1937 3469 ·

505 3637 658 3722 LectiO
676 3636 730 3719 iv·
802 3678 806 3683 ·
1078 3647 1136 3734 ab
1154 3648 1309 3735 exsssio
1328 3653 1632 3753 revoceverat,
1651 3650 1845 3756 subjecit
1865 3662 1910 3736 et

312 3775 437 3851 rotus
464 3762 695 3863 sacerdos,
726 3772 771 3848 et
796 3761 1027 3848 Januerius
1080 3763 1252 3848 Gavino
1292 3762 1421 3848 militi
1455 3769 1690 3870 utrumque
1726 3763 1910 3850 tredidit

242 3912 297 3993 „j
329 3877 560 3979 dieeonus,
584 3875 798 3962 Turribus
822 3876 868 3959 in
884 3873 1027 3961 Sardi·
1079 3874 1427 3962 custodiendum.
1467 3876 1607 3962 Porro
1632 3876 1828 3962 Gavinus
1852 3876 1909 3963 ab

257 3994 283 4010 “’
328 3991 400 4074 nia
429 3991 540 4091 nati,
574 4016 661 4097 quo
694 3992 894 4098 tempore
921 3988 1027 4073 Dio·
1078 3989 1186 4096 ipsis
1218 3987 1275 4075 ad
1308 3987 1531 4074 Christum
1567 3993 1828 4091 conversus,
1864 4001 1909 4076 et

199 4104 412 4191 cletienus
452 4105 695 4213 imperetor
736 4102 1029 4189 insatiebilem
1079 4128 1194 4210 aqua
1216 4102 1398 4187 salutari
1416 4102 1609 4204 abletus,
1628 4102 1792 4190 hheros
1809 4104 1909 4188 illos

199 4217 503 4304 crudelitetem
533 4218 578 4300 in
610 4218 872 4304 christienos
906 4241 1027 4301 exer·
1079 4214 1259 4319 dimisit,
1283 4213 1404 4323 quod
1422 4217 1618 4302 insontes
1637 4243 1733 4317 eos,
1752 4226 1796 4303 et
1814 4217 1910 4302 sine

199 4331 344 4434 cebet,
357 4331 555 4416 'Romam
578 4331 782 4440 profecti,
806 4340 851 4416 et
876 4355 903 4414 a
922 4330 1028 4436 Cajo
1079 4355 1214 4415 causa
1230 4330 1403 4415 vinctos
1422 4327 1599 4416 diceret

198 4444 476 4531 sanctissimo
494 4444 711 4531 Pontifice
735 4444 942 4546 ordineti,
965 4454 1028 4529 at·
1137 4448 1189 4555 Ru
1207 4442 1409 4530 Verbera
1426 4443 1691 4530 carnificum.

198 4583 284 4665 que
320 4559 365 4642 in
395 4557 642 4645 Sardiniam
676 4558 860 4658 reversi,
894 4557 1029 4644 fidem
1385 4554 1612 4640 Lectio-vi.

200 4670 361 4756 Christi
370 4669 586 4756 Turribus
598 4669 913 4779 praedicebant,
925 4670 1026 4755 Dei·
1131 4668 1159 4754 d
1178 4695 1277 4755 cunr
1296 4674 1483 4776 tyranno
1506 4671 1785 4770 innotuisset,
1809 4696 1914 4776 sua·¹

200 4792 286 4890 q‘ue
303 4784 445 4889 gratia
462 4783 704 4891 aspirante,
725 4785 875 4892 plures
888 4788 1027 4888 genti·
1156 4780 1353 4869 sienibus
1377 4793 1422 4870 et
1444 4782 1664 4869 illecebris
1688 4782 1747 4869 ad
1770 4782 1908 4869 idole-

197 4895 262 4981 les
294 4896 351 4982 ad
383 4898 476 4983 veri
501 4898 586 4982 Dei
617 4896 784 4983 cultum
813 4896 1027 5005 perduxe-
1079 4922 1175 4982 rum
1194 4895 1360 4981 cultum
1373 4897 1593 4982 Gavinum
1611 4900 1821 4982 revocere
1837 4923 1907 4982 eo·

196 5018 318 5114 runt,
352 5011 466 5096 inter
502 5036 615 5117 quos
646 5010 834 5097 menime
871 5011 1028 5096 enituit
1078 5013 1207 5096 uetus
1224 5020 1321 5108 est:
1349 5035 1480 5116 quem
1506 5011 1552 5095 in
1579 5014 1785 5119 suscepta
1812 5011 1907 5096 reli·

198 5122 394 5210 Gavinus
420 5126 646 5212 Romenus
673 5125 800 5210 miles
830 5149 886 5208 ex
915 5149 1026 5232 prae·
1078 5123 1206 5227 giene
1238 5123 1640 5209 constantissimum
1674 5122 1908 5231 repertum,

197 5237 317 5323 clera
339 5240 403 5343 (ut
427 5239 578 5344 fertur)
604 5237 880 5325 Sabellorum
907 5238 1027 5322 iami-
1080 5236 1257 5342 capiteli
1280 5237 1495 5322 sententia
1516 5238 1661 5345 puniri
1683 5237 1909 5323 mandevit

197 5351 270 5437 lia:
301 5351 476 5460 quade
507 5378 640 5438 causa
670 5351 847 5438 berbari
878 5351 1027 5460 praesi-
1078 5349 1122 5432 in
1140 5350 1278 5434 Portu
1296 5350 1490 5454 Balagei.
1530 5351 1627 5453 Quo
1650 5350 1752 5437 loco
1777 5351 1909 5436 etiam

198 5465 268 5551 dis
299 5468 418 5571 jussu
454 5464 781 5574 comprehensi,
819 5464 1027 5551 diuturno
1078 5463 1239 5549 Protus
1275 5474 1320 5549 et
1353 5465 1380 5548 J
1381 5464 1604 5565 anuerius,
1646 5465 1721 5571 qui
1757 5463 1907 5550 subur·

199 5583 376 5666 cercere
400 5581 627 5681 macerati,
651 5580 696 5665 in
721 5578 911 5686 equuleo
935 5604 1027 5665 sus·
1078 5576 1196 5663 beno
1230 5577 1439 5664 Tertium
1472 5577 1574 5664 loco
1608 5576 1816 5681 latentes,
1851 5577 1909 5664 ab
