4354 6184
221 589 225 599 Ι
297 483 365 556 44*
959 493 1076 564 Festa
1098 491 1258 580 Aprilis.
1282 491 1363 576 (28.)

299 674 425 761 stolis
445 699 545 761 esse
560 674 807 782 praelatum,
833 675 908 780 qui
926 675 971 760 in
988 673 1132 762 reddi·
1183 675 1242 761 tis
1259 703 1396 762 unum
1418 700 1476 763 ex
1493 678 1665 785 pusillis
1689 681 1799 765 istis.
1843 681 1934 783 Sic,
1957 682 2017 766 in·

297 789 419 873 tione
445 787 599 874 tributi
622 788 815 873 Domino
843 789 988 875 fuerat
1016 813 1132 874 com·
1183 790 1289 896 quit,
1302 792 1520 899 praecipio
1533 792 1826 896 severitatem,
1838 803 1889 879 ut
1903 819 2017 878 com-

297 904 499 1007 paratus:
550 900 655 986 ideo
706 901 981 1005 interrogant
1035 901 1132 1007 quis
1182 902 1356 988 misceri
1380 903 1659 990 clementiam
1684 904 1888 992 doceam:
1917 907 2019 1014 quia

298 1015 437 1118 major
464 1014 521 1098 sit
547 1015 591 1097 in
618 1038 755 1117 regno
783 1012 1010 1100 coelorum.
1057 1014 1132 1100 Vi·
1181 1015 1343 1119 Angeli
1361 1019 1516 1103 earum
1533 1017 1577 1101 in
1596 1018 1722 1104 coelis
1735 1017 1891 1104 vident
1908 1043 2016 1104 sem·

299 1124 498 1233 densque
512 1127 538 1211 J
539 1152 641 1212 esus
661 1126 952 1232 cogitationes
968 1131 1132 1227 eorum,
1182 1154 1263 1235 per
1281 1129 1439 1216 faciem
1456 1131 1613 1216 Patris.
1646 1131 1808 1236 Magna
1826 1130 2018 1235 dignitas

299 1249 345 1325 et
370 1263 527 1324 causas
555 1239 718 1324 erraris
743 1238 1009 1343 intelligens,
1036 1238 1132 1325 vult
1182 1243 1444 1344 animarum,
1472 1253 1523 1328 ut
1547 1249 1827 1351 unaquaeque
1854 1243 2018 1330 habeat

298 1350 568 1437 desiderium
585 1351 740 1455 gloriae
752 1351 1011 1437 humilitatis
1030 1375 1132 1438 con·
1182 1353 1238 1440 ab
1273 1364 1375 1440 ortu
1409 1355 1651 1442 nativitatis
1687 1358 1733 1440 in
1767 1355 2018 1442 custodiam

297 1465 494 1551 tentione
512 1469 681 1550 sanare.
1182 1468 1250 1552 sui
1269 1467 1490 1573 Angelum
1509 1467 1771 1574 delegatum.
1811 1469 1943 1554 Unde
1961 1469 2015 1553 la·

352 1588 406 1694 Rs
426 1588 752 1694 Inconspactu.
1182 1582 1325 1684 gimus
1348 1583 1394 1665 in
1411 1581 1686 1689 Apocalypsi
1703 1582 1905 1667 Ioannis:
1931 1583 2015 1664 An·

352 1707 517 1792 Bened,
545 1707 742 1806 Quorum
759 1708 932 1793 festum,
1182 1693 1283 1798 gelo
1307 1694 1490 1801 Ephesi,
1516 1705 1562 1780 et
1585 1695 1857 1802 reliquarum
1880 1692 2015 1779 eccle·

586 1853 738 1938 Lectio
757 1853 843 1936 viii
1183 1805 1366 1908 Siarum,
1412 1806 1558 1892 Scribe
1601 1806 1711 1893 haeC·
1771 1806 2019 1913 Apostolus

374 1979 383 1997 ·
1184 1942 1364 2026 quoque
1393 1919 1599 2027 prae'cipit
1629 1918 1767 2006 velari
1795 1921 1946 2027 capita
1975 1920 2019 2003 in

301 1968 386 2183 8²
395 1975 1131 2192 recausationem
1417 2032 1678 2117 feminam
1932 2037 2017 2118 n

298 2212 343 2289 et
361 2203 528 2310 proiice
545 2202 627 2289 abs
643 2212 698 2289 te.
737 2202 934 2288 Necesse
952 2211 1021 2287 est
1040 2202 1131 2308 qui·
1182 2143 1466 2343 gelq‘s'es'Deum
1482 2256 1726 2344 laudamus·

298 2315 401 2402 dem
418 2317 568 2402 ‘venire
587 2313 813 2401 scandala:
837 2340 907 2399 vae
926 2324 1074 2400 tamen
1091 2317 1132 2401 ei

298 2439 367 2515 est
384 2428 566 2528 homini,
593 2428 684 2535 qui,
710 2426 831 2534 quod
854 2432 1038 2514 necesse
1063 2438 1133 2516 est
1416 2457 1502 2542 Die
1520 2457 1587 2542 28,
1606 2456 1784 2564 Aprilis,

264 2637 265 2642 Ν
296 2552 346 2627 ut
363 2543 442 2627 fiat
459 2542 504 2625 in
521 2540 705 2643 mundo,
728 2539 836 2627 vitio
861 2566 943 2626 suo
962 2541 1067 2626 facit
1082 2549 1133 2625 ut
1329 2581 1417 2668 (pm
1441 2581 1564 2652 Dioec.
1590 2580 1884 2667 Calatanisiad.)

294 2680 376 2761 per
394 2680 443 2740 se
460 2655 548 2738 fiat
584 2654 723 2786 Igitur
742 2654 886 2739 omnis
902 2658 1133 2792 truncatur
1183 2706 1228 2790 Β.
1242 2705 1474 2792 Thuribfi
1494 2692 1835 2800 Asehjepiscopi
1852 2691 2020 2775 Limam

296 2767 497 2868 affectus,
525 2775 569 2852 et
596 2769 801 2850 umversa
822 2776 1131 2875 proprnqmtas
1427 2817 1471 2890 e,
1490 2806 1779 2891 Consessofis,

296 2883 560 2986 amputatur,
578 2904 634 2964 ne
651 2904 730 2986 per
746 2879 1027 2965 occasionem
1041 2881 1130 2987 pie·

295 2993 401 3077 tatis
411 2995 713 3096 unusquisque
724 2991 998 3077 credentium
1008 2997 1130 3078 scan-

295 3102 407 3190 dalis
425 3108 588 3236 pateat.
620 3105 676 3206 Si,
693 3103 847 3210 inquit,
864 3103 928 3190 ita
945 3113 1013 3190 est
1033 3105 1131 3212 quis
1186 3163 1329 3243 praeter
1352 3157 1565 3244 sequentia.
1583 3160 1644 3244 (m
1667 3167 1692 3231 t
1716 3165 1767 3246 v.)

293 3216 375 3303 t1b1
390 3222 659 3322 conjunctus,
676 3224 727 3303 ut
739 3242 907 3318 manus,
920 3243 1014 3325 pes,
1028 3222 1129 3305 ocu·
1524 3286 1562 3371 Ο
1637 3286 1646 3303 .

294 3329 375 3431 lus,
395 3339 440 3415 et
458 3339 527 3416 est
545 3328 666 3414 utilis
685 3338 819 3437 atque
837 3329 1065 3432 sollicitus,
1086 3340 1131 3417 et
1565 3296 1689 3370 ram·

294 3449 450 3528 acutus
474 3441 532 3527 ad
550 3441 925 3550 perspiciendum:
947 3442 1128 3530 scanda-
1266 3410 1627 3551 ⁰⁰l⁶¹iffl¹fflt¹¹ams
1643 3410 1856 3542 Domine,
1874 3410 2016 3495 sancti

294 3554 386 3640 lum
417 3565 566 3641 autem
595 3552 677 3641 tibi
708 3555 832 3656 facit,
868 3563 914 3640 et
944 3565 1130 3664 propter
1284 3523 1486 3611 Thunbn
1501 3524 1779 3636 C⁰ssfiS³⁶r1⁸
1792 3531 1870 3622 tub
1885 3531 2016 3628 ²1th0

295 3668 615 3754 dissonantiam
639 3693 813 3752 morum
840 3676 886 3755 te
913 3667 1130 3776 pertrahit
1181 3636 1408 3768 ΡΟΠἙῙΉΟῘΒ
1422 3643 1631 3770 ῨΟΠῘῙΡΜ
1645 3636 1928 3769 Ρῑθῒθθῒὶόῐῖθ
1948 3661 2014 3721 01¹·

293 3781 338 3863 in
356 3780 615 3884 gehennam:
634 3781 792 3866 melius
811 3789 879 3866 est
896 3791 946 3866 ut
967 3789 1011 3867 et
1028 3807 1128 3888 pro.
1182 3749 1317 3834 stada:
1335 3760 1385 3837 ut
1403 3759 1517 3836 srcut
1534 3751 1657 3835 rllum
1675 3748 1915 3858 pastorahs
1936 3748 2015 3832 sol·

292 3892 539 4000 pinquitate
585 3897 697 4000 eius,
742 3903 787 3979 et
822 3894 1128 3981 emolumentis
1180 3859 1365 3994 lipitt'lfio
1379 3861 1622 3994 gloriosum
1636 3861 1841 3966 reddidit,
1858 3861 1925 3947 ita
1936 3885 2016 3945 nos

294 4004 544 4091 carnalibus
588 4010 761 4090 careas:
812 4031 868 4090 ne
913 4005 1018 4091 dum
1062 4007 1128 4092 vis
1182 3999 1273 4080 elus
1300 3979 1558 4061 mtercessro
1583 4003 1627 4059 1n
1650 3984 1729 4061 tuo
1756 3999 1937 4084 semper
1960 3975 2015 4058 fa·

295 4117 553 4204 lucrifacere
595 4123 811 4222 cognatos
846 4129 893 4205 et
927 4125 1127 4205 necessa·
1181 4087 1268 4172 ciat
1286 4091 1437 4174 ³¹³⁶?ss
1456 4088 1687 4173 fer⁶11t08·
1700 4088 1801 4229 ,Ρθῐ
1818 4086 1949 4172 Dfim·
1994 4213 1999 4227 ι

295 4232 398 4334 rios,
427 4255 606 4314 eausam
631 4230 801 4317 habeas
825 4233 1060 4318 minarum·
1236 4215 1282 4284 In
1313 4215 1339 4285 Ι.
1369 4216 1569 4287 Nocturno
1601 4215 1807 4286 Lectiones
1841 4213 1890 4282 de
1921 4213 2014 4284 Serr-

351 4349 403 4452 Rt.
423 4351 612 4437 Michaal
630 4352 946 4458 Archangelum
1184 4320 1300 4400 ptura
1326 4319 1560 4382 occurrente.

602 4497 830 4581 Lectioix.
1418 4461 1784 4543 InII.Nociurno.

1328 3019 1333 3036 ι
1517 2939 1684 3028 Duplex.

1238 3057 1376 3131 Omnia
1407 3061 1455 3131 de
1487 3060 1693 3133 Communi
1725 3059 1837 3130 Conf.
1869 3059 2018 3142 Pontis,

299 4607 458 4820 Dico
485 4619 631 4722 vobis,
660 4621 764 4726 quia
787 4621 947 4725 Angeli
963 4585 1128 4708 eorum
1487 4600 1641 4684 LectiO
1659 4599 1714 4680 iv·

401 4733 447 4817 in
465 4733 590 4818 coelis
609 4758 786 4843 semper
799 4733 951 4820 vident
970 4734 1129 4821 faciem
1259 4776 1279 4847 5«
1307 4731 1505 4818 huribius
1524 4733 1782 4842 Alphonsus
1802 4759 1858 4819 ex
1877 4733 2013 4821 nobili

291 4845 437 4931 Patris
455 4847 553 4931 mei.
578 4846 723 4955 Supra
738 4843 921 4948 dixerat
939 4873 1020 4955 per
1038 4874 1127 4932 ma·
1262 4846 1297 4963 0}
1324 4847 1580 4952 Mogrovaja
1597 4857 1728 4950 gente
1742 4847 1955 4952 Majorgae
1972 4849 2014 4932 in

290 4983 413 5059 num,
438 4966 481 5042 et
504 4956 684 5065 pedem,
708 4967 754 5043 et
778 4959 956 5046 oculum
974 4985 1127 5045 omnes
1193 4962 1217 5001 ‘³
1291 4983 1293 4987 ’
1322 4985 1460 5065 regno
1474 4959 1682 5064 Legionis
1699 4968 1840 5061 natus,
1858 4959 2014 5046 libera·

291 5071 652 5179 propinquitates
685 5079 731 5157 et
767 5071 1127 5176 necessitudines,
1178 5072 1293 5158 libus
1322 5072 1581 5181 disciplinis,
1609 5083 1654 5158 et
1680 5073 1762 5177 juri
1789 5071 2013 5157 Canonico

294 5209 395 5290 quae
430 5183 688 5270 scandalum
727 5186 873 5270 facere
907 5188 1126 5291 poterant,
1178 5183 1431 5270 Vallisoleti
1472 5185 1682 5292 primum,
1726 5183 1889 5270 deinde
1924 5185 2011 5268 Sal-

293 5296 605 5404 amputandas:
640 5299 946 5384 austeritatem
976 5304 1127 5405 itaque
1178 5299 1383 5386 manticae
1417 5299 1463 5382 in
1494 5299 1650 5406 majori
1681 5298 1872 5402 collegio
1902 5298 2011 5384 Ove-

293 5409 522 5496 sententiae
548 5409 747 5516 subjecto
770 5413 1001 5519 praecapto
1020 5416 1126 5497 tem·
1178 5412 1303 5514 tansi,
1321 5411 1462 5497 sancti
1479 5411 1733 5512 salvatoris,
1750 5411 1812 5496 ita
1832 5415 2011 5519 operam

292 5533 430 5631 perat,
445 5522 613 5607 dicens:
626 5523 791 5608 Videte
804 5548 860 5609 ne
875 5529 1125 5610 contemna·
1180 5522 1315 5626 dedit
1332 5534 1383 5610 ut
1399 5534 1550 5611 tamen
1564 5524 1787 5632 potiorem
1798 5522 2011 5631 temporis
