4290 6188
289 503 356 576 44*
969 513 1083 582 Festa
1107 511 1245 582 Martii.
1270 513 1325 591 to.)

291 691 476 793 roribus,
490 700 535 777 et
549 690 767 778 catholico
781 689 987 797 dogmate
1003 692 1119 777 circa
1170 689 1432 777 dexteritate
1446 689 1711 797 corrigebat;
1731 692 1805 796 qui
1820 691 1994 796 qrtidem
2130 771 2131 776 Ν

290 804 607 891 Incamationis
641 806 896 912 mysterium
932 815 978 890 et
1013 805 1118 891 divi·
1170 805 1270 890 talis
1301 813 1371 890 est
1404 803 1606 906 effectum
1646 815 1694 891 ut
1728 803 1994 890 absolutissi-

290 943 394 1004 nam
410 918 735 1005 Maternitatem
753 917 994 1004 constituito
1013 918 1119 1003 mul·
1168 946 1290 1004 mum
1334 917 1491 1026 optimi
1532 921 1725 1025 vereque
1774 917 1996 1004 christiani

291 1041 339 1118 to
363 1030 568 1133 nobilior,
593 1030 649 1117 ab
673 1032 772 1139 ipsa
794 1032 981 1139 pueritia
998 1042 1120 1118 tanta
1170 1031 1381 1140 principis
1424 1029 1651 1138 exemplar
1693 1030 1844 1132 faerit,
1894 1029 1996 1118 dum

293 1145 507 1252 sapientia
524 1143 733 1231 divinitus
752 1140 940 1251 praedita
957 1143 1053 1245 fuit,
1072 1154 1121 1230 ut
1170 1144 1414 1231 Pulcheriae
1440 1143 1634 1232 consssiis
1656 1153 1725 1230 est
1749 1143 1998 1232 obsecutus.

292 1259 340 1361 ii,
367 1257 527 1364 quibus
550 1267 654 1365 post
674 1255 857 1342 Arcadii
882 1257 1020 1364 patris
1045 1257 1120 1341 ob·
1171 1261 1283 1345 Post
1293 1257 1542 1344 diuturnam
1557 1283 1657 1342 cum
1670 1258 1806 1345 iratre
1820 1261 1997 1344 concor·

292 1372 402 1457 itum
411 1370 860 1481 imperiiprocuratio,
871 1370 976 1456 dum
985 1369 1122 1456 Theo
1173 1371 1307 1472 diam,
1334 1370 1475 1458 turbis
1500 1371 1820 1458 malevolorum
1846 1371 1999 1458 fraude

294 1483 445 1570 dosius
475 1482 768 1586 adolesceret,
795 1487 1032 1570 commissa
1057 1485 1120 1569 fu-
1173 1496 1306 1592 atque
1333 1484 1655 1572 obtrectatione
1681 1486 1727 1568 in
1757 1484 1858 1570 aula
1888 1486 1999 1570 exci-

294 1611 398 1702 erat,
419 1601 511 1704 ejus
528 1597 743 1685 arbitratu
756 1599 903 1684 omnia
916 1599 1121 1700 iacerent,
1172 1599 1293 1698 tatis,
1317 1609 1493 1706 tempus
1519 1607 1665 1699 nacta,
1692 1623 1782 1705 quo
1809 1597 1895 1684 sibi
1917 1600 2001 1705 jam

295 1715 501 1819 essetque
536 1721 742 1796 constans
779 1713 949 1819 opinio,
993 1715 1122 1796 unius
1172 1713 1263 1813 uni,
1284 1713 1473 1819 Deoque
1490 1714 1649 1798 vacare
1666 1721 1836 1819 posset,
1860 1715 2001 1798 seces·

294 1822 500 1931 puellulae
518 1823 679 1910 virtute
697 1849 750 1910 ac
768 1823 997 1933 sapientia,
1022 1849 1122 1932 quae
1173 1825 1292 1912 sitin
1309 1822 1605 1926 Hebdomum,
1623 1823 1770 1909 locum
1785 1823 2001 1930 Byzantio
2133 1869 2134 1918 t

294 1938 458 2023 instare
476 1946 611 2044 atque
628 1937 832 2042 ingraere
849 1934 1123 2040 videbantur,
1175 1938 1491 2040 suburbium,
1522 1937 1672 2044 ibique
1703 1937 1839 2022 vitam
1869 1962 2002 2042 agens
2133 2033 2134 2048 Ν

293 2049 491 2158 pericula
526 2047 746 2152 discussa,
790 2061 836 2135 et
870 2049 1123 2136 felicitatem
1173 2078 1287 2160 pene
1320 2050 1610 2138 monasticam
1650 2050 1920 2157 aliquamdiu
1954 2077 2002 2137 se

294 2163 479 2271 imperio
507 2162 801 2250 constitutam.
848 2163 987 2249 Domi
1017 2167 1122 2248 assi·
1175 2166 1405 2270 continuit;
1426 2191 1526 2250 cum
1544 2189 1651 2250 vero
1670 2164 1855 2251 felicitas
1869 2163 2003 2273 impe-

296 2277 384 2363 dua
415 2275 658 2385 disciplinae
690 2277 907 2378 exactrix,
939 2303 1036 2362 eam
1063 2278 1123 2363 vi-
1174 2279 1228 2363 rii
1251 2305 1338 2364 una
1360 2305 1459 2364 cum
1483 2303 1535 2363 ea
1559 2277 1798 2379 exsularet,
1820 2303 1847 2362 a
1871 2277 2004 2364 fratre

296 2389 428 2477 vendi
450 2389 637 2476 formam
659 2388 848 2492 indixit,
871 2401 920 2478 ut
942 2389 1018 2476 illa
1038 2391 1124 2497 jam
1175 2397 1400 2492 accersita,
1419 2389 1496 2477 ubi
1509 2390 1664 2478 deesse
1679 2388 1880 2497 viditqui
1892 2396 2003 2501 pra·
2134 2443 2135 2460 ι

296 2529 386 2589 non
413 2501 512 2589 aula
537 2503 872 2611 imperatorum,
899 2503 980 2590 sed
1006 2529 1124 2589 asce·
1174 2505 1235 2590 lia
1264 2505 1443 2590 Domini
1476 2510 1713 2614 pugnaret,
1748 2503 2006 2591 Debboram

296 2617 455 2703 terium
481 2615 613 2722 vulgo
642 2615 872 2705 diceretur.
920 2616 1123 2704 Theodo·
1176 2619 1364 2722 imitata,
1397 2618 1486 2706 fide
1520 2645 1571 2705 ac
1597 2619 1809 2724 religione
1835 2622 2006 2704 armata

299 2730 410 2815 sium
430 2730 618 2832 fratrem,
636 2731 894 2832 Eudoxiam,
914 2757 1046 2840 quam
1063 2731 1125 2816 illi
1175 2735 1405 2840 processit,
1425 2742 1470 2818 et
1487 2733 1633 2818 missis
1650 2733 1695 2817 in
1714 2757 1891 2818 omnem
1908 2757 2005 2839 par·

298 2844 576 2930 matrimonio
612 2843 958 2951 conjungendam
1003 2846 1125 2930 cura·
1175 2854 1266 2932 tem
1285 2845 1486 2953 epistolis
1508 2844 1746 2947 hortando,
1770 2843 2004 2946 monendo,
2135 2859 2136 2890 ³

297 2957 379 3058 vit,
410 2956 681 3060 Flaccillam,
713 2958 971 3057 Arcadiam,
998 2957 1124 3042 Mari-
1176 2958 1428 3062 minitand0,
1445 2985 1536 3045 non
1551 2959 1765 3067 pectiniae,
1782 2956 2003 3044 nonlabo·

298 3096 399 3156 nam
434 3074 612 3156 sorores
645 3071 708 3156 ita
741 3070 967 3157 imbuebat
997 3071 1126 3159 bonis
1176 3073 1297 3160 ribus
1332 3097 1537 3180 parcens,
1578 3072 1710 3178 digna
1745 3071 1903 3159 effecta
1936 3082 2006 3157 est

298 3183 514 3286 moribus,
550 3183 873 3294 exercebatque
906 3185 964 3272 ad
993 3187 1125 3273 virta-
1178 3212 1310 3294 quam
1320 3186 1476 3273 Patres
1490 3185 1665 3272 concilii
1679 3183 2003 3272 Chalcedonen-

297 3308 404 3400 tem,
427 3309 476 3385 ut
500 3295 659 3404 quibus
682 3302 815 3384 aetate
833 3325 922 3385 non
939 3300 1127 3387 multum
1177 3301 1238 3386 sis
1263 3325 1350 3385 una
1378 3299 1573 3385 omnium
1597 3323 1709 3385 voce
1732 3309 1868 3407 atque
1894 3322 2004 3407 prae·

296 3410 559 3519 praestabat,
591 3415 744 3497 eorum
773 3410 1043 3498 moderatrix
1074 3439 1127 3500 ac
1178 3413 1307 3500 conio
1339 3410 1568 3499 custodem
1599 3410 1724 3512 fidei,
1753 3411 1878 3519 pacis
1904 3436 2003 3498 con-

297 3522 620 3634 propemodum
655 3534 796 3610 mater
830 3549 930 3612 esse
958 3525 1125 3613 videre·
1178 3526 1448 3628 eiliatricem,
1473 3526 1762 3633 expultricem
1778 3524 2004 3613 haeretico-

297 3648 380 3723 tur.
405 3639 502 3741 Qua
514 3639 788 3724 institutione
802 3643 978 3726 sorores
992 3664 1125 3749 quan·
1176 3665 1292 3744 rum,
1328 3641 1469 3749 piam,
1504 3638 1816 3744 orthodoxam,
1847 3663 2006 3726 novam

297 3761 392 3836 tum
420 3751 707 3859 profecerint,
739 3751 895 3852 velex
925 3753 1125 3841 hocuno
1176 3753 1394 3840 Helenam
1433 3753 1563 3858 (sicut
1597 3753 1868 3839 Marcianum
1902 3761 2007 3838 tunc

297 3864 481 3971 intelligi
507 3875 673 3973 potest,
702 3863 825 3973 quod
849 3863 1126 3952 Pulcheriam
1177 3869 1489 3976 imperatorem
1539 3891 1704 3952 novum
1758 3867 2007 3953 Constanti·

186 3989 192 3998 ’
298 3979 497 4082 imitatae,
522 4005 569 4066 se
594 3983 806 4088 suamque
831 3980 1127 4084 virginitatem
1177 3984 1296 4087 num)
1332 3979 1678 4082 consalutarent;
1717 3983 1877 4086 cuique
1912 4005 2006 4066 san·

298 4094 397 4179 Deo
431 4091 724 4200 devoverunt:
758 4101 894 4201 utque
924 4096 1127 4199 Augasta
1178 4105 1277 4180 ctus
1312 4095 1404 4180 Leo
1435 4097 1573 4180 totius
1607 4093 1823 4178 Romanae
1857 4091 2006 4180 Eccle-

298 4206 423 4313 virgo
441 4233 510 4310 ea,
529 4233 630 4314 quae
649 4207 919 4312 decreverat,
939 4209 1127 4316 amplius
1178 4206 1256 4294 siae
1290 4207 1465 4293 nomine
1500 4205 1737 4315 plurimum
1769 4205 2006 4310 grattdare·

300 4321 596 4421 confirmaret‚
624 4323 864 4426 omnesque
887 4320 1127 4409 voluntatis
1178 4331 1269 4422 tur,
1311 4321 1492 4427 ejasque
1534 4344 1667 4405 causa
1703 4317 1925 4408 exsultare
1960 4345 2006 4406 sc

300 4460 392 4520 suae
410 4443 548 4520 testes
565 4432 758 4534 haberet,
777 4457 833 4520 ex
851 4457 957 4519 auro
973 4445 1017 4520 et
1031 4461 1126 4543 pre·
1179 4434 1360 4537 diceret,
1381 4459 1434 4520 ac
1453 4430 1584 4539 digna
1603 4431 1701 4518 Deo
1719 4441 1824 4518 vota
1840 4431 2005 4540 persol-

297 4549 424 4635 tiosis
441 4546 663 4656 lapidibus
682 4572 853 4633 sacram
871 4573 1067 4635 mensam
1082 4551 1127 4634 in
1178 4573 1299 4648 vere,
1327 4546 1447 4653 quod
1464 4545 1520 4631 de
1537 4543 1801 4632 Nestoriana
1818 4544 2004 4652 primum

301 4661 487 4748 ecclesia
522 4661 1010 4768 constantinopolitana
1043 4689 1126 4770 pro
1178 4659 1425 4768 impietate,
1455 4685 1562 4745 mox
1593 4657 1650 4745 de
1680 4658 1847 4744 nefario
1874 4659 2003 4767 Euty·

298 4775 546 4882 virginitate
578 4801 658 4861 sua
689 4783 734 4862 et
765 4775 912 4861 fratris
942 4776 1127 4885 imperio
1180 4773 1318 4860 chetis
1337 4775 1486 4858 errore
1510 4775 1759 4881 perempto,
1786 4769 2003 4879 diplicem

301 4887 538 4991 dedicavit,
562 4899 607 4974 et
629 4889 675 4972 in
693 4889 837 4976 fronte
854 4890 993 4996 ipsius
1009 4914 1127 4977 men·
1178 4887 1242 4972 illi
1272 4897 1318 4972 et
1349 4886 1542 4994 palmam
1577 4885 1822 4971 contalerat
1857 4893 1902 4970 et
1934 4909 2000 4970 co·

300 5027 362 5089 sae
380 5001 480 5089 haec
497 5000 652 5088 eadem
669 5002 902 5110 inscripsit
1179 5006 1343 5088 ronam.

352 5118 405 5222 Rc
427 5115 618 5223 Propter
634 5115 876 5203 veritatem.
1234 5119 1287 5224 Rc.
1307 5114 1513 5202 Dilexisti
1532 5113 1751 5221 iustitiam.

610 5233 763 5318 Lectio
783 5259 821 5314 v.
1482 5227 1636 5313 Lectio
1655 5229 1709 5309 vi.

386 5347 501 5432 otior
525 5356 672 5433 autem
693 5346 785 5451 ejus
808 5345 854 5427 in
870 5338 1127 5429 Theodosio
1256 5353 1363 5448 tque
1381 5341 1450 5426 hae
1473 5351 1611 5436 tantae
1634 5343 1839 5426 curarum
1857 5335 2001 5436 moles,

412 5458 671 5548 instruendo
698 5458 835 5544 elitxit
862 5481 983 5559 cura;
1010 5461 1126 5542 eiun-
1303 5479 1413 5560 quas
1439 5454 1686 5562 praesertim
1710 5452 1757 5537 in
1782 5451 2001 5559 Ephesino

303 5600 405 5682 que,
427 5574 503 5661 ubi
521 5598 635 5681 opus
655 5581 788 5675 esset,
810 5571 919 5656 mira
938 5569 1130 5679 quadam
1181 5593 1233 5654 ac
1257 5565 1604 5656 chalcedonensi
1628 5565 1825 5653 conciliis
1849 5566 2000 5652 Rorna-
