4402 6190
920 509 1036 578 Festa
1059 507 1310 595 Septembris,
1334 507 1390 594 (7.)

183 669 188 682 ’
288 709 528 813 propterea
565 703 771 808 diligunt,
815 715 866 789 ut
909 704 967 790 sit
1001 704 1124 790 Deus

280 819 436 903 emnia
463 819 509 902 in
537 817 755 904 amnibus.

347 937 410 1018 Te
429 931 574 1016 Deum
592 931 835 1016 laudamus.

485 1129 570 1214 Di'e
588 1130 625 1214 7.
643 1129 930 1237 Septembris.

369 1333 374 1355 .
398 1266 563 1364 Quarta
584 1264 654 1346 die
673 1265 783 1345 infru
805 1264 1018 1348 Octavam

453 1377 497 1461 S.
515 1373 734 1462 Rosaliae
758 1376 962 1476 Virginis,

578 1498 843 1586 Semiduplerr.

344 1621 388 1688 In
412 1620 439 1689 1.
466 1620 579 1689 Noct.
602 1618 705 1689 Lect.
735 1619 783 1688 de
808 1617 946 1706 Script.
978 1639 1125 1689 occurr.

527 1767 577 1846 Iu
594 1767 647 1848 Π.
666 1767 891 1848 Noctuine.

331 1905 482 1988 Sermo
503 1900 644 1985 saneti
661 1897 844 1983 Maximi
860 1897 1086 2006 Episcopi.

483 2029 528 2099 ln
551 2029 673 2100 natali
696 2028 732 2100 S.
757 2029 934 2120 Agnetis.

531 2167 534 2172 “
599 2152 753 2238 Lectio
771 2153 826 2236 iv‘.

511 2272 557 2355 in
583 2280 682 2360 toto
708 2268 875 2357 mundo
903 2269 1124 2372 virgineus

289 2275 517 2560 'Linos
547 2384 701 2468 Mariae
735 2379 1125 2468 immarcescibiles

433 2503 623 2584 coronas
647 2498 857 2597 innectat,
881 2503 927 2581 et
942 2498 1124 2601 sceptri·

288 2639 439 2719 geram
461 2609 648 2719 pudoris
671 2609 819 2694 aulam
840 2606 1124 2695 immaculato

288 2731 522 2813 conservet
541 2722 712 2824 affeetu,
731 2727 930 2828 eoasque
948 2719 1124 2823 integri·

288 2849 359 2924 tas
376 2837 682 2946 perseveravit
700 2833 758 2921 ad
774 2834 986 2943 palmam,
1010 2831 1125 2917 utin

287 2951 448 3059 puellis
473 2948 726 3056 trophaeum
749 2945 998 3034 sanctitatis
1019 2948 1122 3028 arri·

287 3076 430 3171 peret,
454 3072 499 3149 et
522 3087 603 3169 per
621 3059 807 3164 vestigia
824 3057 976 3146 matris
995 3057 1123 3161 virgi·

40 3269 47 3282 ,
96 3141 103 3156 ¹
287 3176 355 3260 nis
373 3173 431 3260 ad
455 3174 685 3260 eoelestem
708 3171 949 3258 thalamum
968 3193 1122 3276 perve-

286 3293 412 3374 niret.
441 3287 628 3393 Oquam
642 3284 857 3371 imitabile
870 3279 1123 3388 virginibus,

286 3401 414 3504 virgo
433 3399 625 3498 Rosalia,
649 3409 700 3484 tu
717 3397 881 3484 ameris
898 3393 1124 3482 tradidisti

287 3511 555 3621 exemplum!
598 3513 798 3617 Oquam
816 3518 1025 3594 sanetum
1046 3531 1122 3615 pe·

287 3627 486 3713 ctoribus
501 3623 695 3711 dandum
709 3622 916 3728 virgineis
929 3619 1124 3707 tribuisti

286 3744 570 3846 responsum,
612 3733 935 3824 contemnendo
969 3731 1123 3817 mundi

229 3924 235 3945 .
286 3851 480 3952 divitias,
506 3847 780 3936 exsecrando
799 3848 944 3935 carnis
963 3870 1122 3932 coneu-

285 3965 544 4071 piscentias,
581 3975 626 4048 et
657 3961 800 4048 solam
833 3957 997 4046 Christi
1026 3957 1121 4065 pul·

286 4074 583 4162 chrittdinem
601 4072 869 4162 adamando!
908 4068 1124 4158 Accedite

285 4187 344 4274 ad
361 4188 567 4297 puellam,
584 4187 758 4297 puellae,
778 4195 823 4272 et
841 4184 999 4271 discite
1019 4208 1123 4288 qua·

283 4302 350 4387 les
378 4303 422 4386 in
453 4304 636 4409 pectore
668 4325 751 4386 suo
780 4299 898 4385 circa
925 4299 1123 4382 amorem

286 4413 450 4498 Christi
468 4415 669 4500 flammas
688 4408 903 4499 accendit.
942 4407 1122 4508 Discite,

284 4527 488 4630 virgines,
507 4525 671 4612 Christi
690 4527 888 4612 amerem
905 4521 950 4606 in
969 4545 1022 4607 ea
1039 4520 1122 4604 ier-

284 4643 479 4744 ventem‚
511 4651 556 4727 et
583 4662 737 4725 omnes
765 4632 918 4722 mundi
945 4631 1122 4718 divitias

284 4752 407 4838 velut
425 4757 626 4839 stercora
642 4754 933 4837 recusantem.

339 4874 392 4977 ll.
415 4866 642 4977 Egredere
659 4862 853 4950 Rosalia.
879 4861 934 4944 4*
987 4901 989 4904 ·

600 4993 752 5076 Lectio
773 5021 810 5075 v.

330 5111 417 5197 deo
445 5109 562 5195 enim
580 5110 836 5192 sanctarum
854 5127 935 5211 per
951 5103 1122 5188 litteras

359 5221 597 5310 tradiurtur
635 5218 861 5325 exempla,
906 5227 955 5302 nt
989 5241 1120 5302 unus·

284 5344 473 5444 quisque
496 5360 582 5444 pro
611 5331 825 5441 qualitate
850 5355 1001 5431 sexus,
1028 5352 1120 5414 mo·

284 5452 390 5536 dum
413 5450 482 5534 sui
504 5445 724 5556 propositi
748 5448 913 5546 teneat;
938 5453 983 5528 et
1004 5443 1121 5527 sieut

283 5589 365 5671 per
384 5563 600 5666 virginem
617 5559 822 5663 virgines,
840 5557 902 5643 ita
919 5579 1002 5663 per
1021 5559 1121 5640 cen·

1175 707 1321 809 iugem
1350 705 1561 809 conjuges
1592 707 1771 789 vincere
1800 701 2014 788 saeculum

1175 843 1257 925 pro
1277 817 1441 903 Christi
1458 820 1612 902 amere
1630 814 1857 917 strideant,
1877 841 1931 901 ae
1947 842 2013 901 re·

1175 929 1445 1036 pugnatiene
1482 928 1635 1030 animi,
1676 927 1831 1014 mundi
1867 927 2015 1013 ddlcia

1176 1046 1450 1144 recusantes,
1473 1041 1628 1146 eteius
1645 1065 1735 1126 non
1753 1043 2013 1126 recusantes

1175 1158 1372 1255 austera,
1409 1154 1467 1240 ad
1500 1153 1821 1240 delectatienes
1855 1155 2013 1260 perpe·

1175 1274 1293 1367 tuas,
1319 1275 1366 1352 et
1392 1263 1451 1351 ad
1474 1263 1637 1372 gaudia
1660 1269 1827 1350 aetema
1850 1269 2014 1373 pertin·

1078 1453 1081 1462 Α
1175 1388 1292 1483 gant.
1323 1377 1437 1463 Haec
1454 1378 1666 1480 dicentes,
1685 1402 1775 1464 non
1792 1378 2015 1485 vitupera·

1175 1516 1274 1575 mus
1309 1492 1542 1596 coniugum
1579 1499 1702 1576 easta
1739 1493 2016 1592 commercia,

1177 1603 1258 1689 sed
1284 1603 1501 1708 virginum
1531 1602 1910 1711 perseverantiam
1939 1603 2016 1688 ad·

1176 1719 1396 1800 emamus.
1422 1713 1525 1800 Non
1544 1715 1662 1800 enim
1679 1715 1908 1818 virginitas
1926 1737 2016 1800 ma·

1176 1826 1230 1910 lis
1244 1825 1736 1934 rebus-superponenda
1749 1837 1829 1929 est,
1848 1827 1931 1913 sed
1945 1838 2016 1915 est

1176 1939 1309 2024 rebus
1342 1939 1523 2047 optimis
1558 1939 1849 2048 praeferenda.
1904 1942 2016 2043 Quae

1177 2052 1292 2136 enim
1319 2050 1496 2137 mundis
1521 2051 1746 2154 mundior,
1778 2063 1824 2139 et
1849 2053 2019 2138 sanctis

1008 2173 1010 2180 ’
1177 2174 1245 2250 est
1263 2166 1474 2265 sanctior,
1497 2189 1588 2249 non
1611 2164 1780 2270 indiget
1796 2165 2017 2250 malarum

1176 2300 1325 2360 rerum
1343 2276 1669 2383 vituperatione
1686 2277 1871 2365 laudari.

1234 2395 1285 2500 ld.
1308 2389 1462 2474 Indica
1478 2389 1597 2474 mihi.
1623 2392 1677 2474 4*

1483 2516 1635 2602 Lectio
1656 2515 1709 2599 vi.

1180 2622 1336 2836 Veni
1372 2635 1475 2739 jam,
1503 2635 1645 2739 virgo,
1675 2632 1734 2721 ad
1760 2632 2017 2763 thalamum,

1305 2771 1436 2851 quem
1469 2745 1690 2851 quaesisti,
1720 2755 1771 2831 ut
1801 2771 2017 2854 sponsam

1176 2870 1221 2943 te
1246 2857 1474 2961 virginitas
1499 2859 1781 2946 immaculata
1809 2863 2016 2968 compro·

1176 2970 1252 3056 bet
1264 2968 1436 3056 Christi
1454 2971 1580 3057 Felix
1594 2974 1773 3056 caterva
1784 2972 2017 3076 virginum,
2184 3001 2185 3033 r

1178 3081 1337 3189 quibus
1356 3081 1552 3170 stadium
1571 3096 1639 3169 est
1658 3093 1749 3169 tuae
1767 3085 1896 3191 sequi
1914 3111 2016 3170 eon·

1176 3195 1380 3280 fessionis
1399 3196 1596 3300 vestigia.
1637 3196 1880 3282 Habebunt
1899 3198 2017 3282 enim

1175 3317 1323 3394 tecum
1334 3311 1545 3393 coronam
1555 3307 1601 3392 in
1611 3309 1740 3412 coelo,
1756 3333 1856 3415 quae
1866 3318 2018 3395 tecum

1176 3424 1497 3527 superaverunt
1519 3421 1745 3506 inimicum
1768 3422 1813 3504 in
1835 3420 2017 3507 mundo

1175 3532 1290 3616 Nam
1303 3534 1419 3618 sieut
1431 3531 1514 3619 tibi
1523 3534 1709 3636 vestigia
1722 3535 2017 3642 prosequenti

1176 3645 1460 3752 participatio
1488 3649 1668 3730 aeternae
1699 3647 2015 3732 remuneratie·

1176 3758 1244 3842 nis
1261 3759 1485 3865 apparuit,
1508 3759 1571 3843 ita
1595 3758 1659 3842 eis
1677 3768 1723 3845 te
1740 3758 2016 3846 imitantibus

1176 3873 1341 3956 aetema
1374 3869 1594 3958 eredimus
1626 3871 1790 3975 gaudia
1818 3895 1912 3957 non
1942 3897 2015 3959 ne·

1175 3980 1333 4087 ganda.
1359 3984 1516 4089 Itaque
1535 4010 1563 4069 o
1582 3983 1817 4092 splendida
1835 3985 2015 4071 Christo

1175 4096 1261 4182 Dei
1279 4095 1411 4197 Filio,
1437 4105 1482 4180 et
1500 4097 1705 4184 amnibus
1724 4099 1930 4203 Angelis,
1954 4111 2017 4184 at·
2183 4083 2184 4152 ἶ

1177 4233 1263 4314 que
1291 4207 1584 4313 Archangelis
1614 4222 1763 4316 grata,
1791 4222 1842 4297 ut
1873 4211 2016 4298 nostri

1174 4321 1427 4406 meminisse
1445 4320 1653 4426 digneris,
1680 4324 1841 4431 quibus
1858 4329 2015 4434 pessu-

1175 4459 1274 4519 mus
1299 4433 1505 4541 precibus
1528 4439 1784 4522 exoramus:
1810 4447 1860 4525 ut
1884 4437 2015 4523 nobis

1175 4547 1251 4632 ille
1274 4546 1441 4633 tribuat
1468 4546 1802 4654 indulgentiam,
1832 4545 1908 4656 qui
1933 4549 2015 4636 tibi

1173 4665 1352 4746 tuarum
1377 4659 1573 4743 emnium
1599 4659 1802 4748 laborum
1829 4660 2015 4748 tradidit

1176 4772 1380 4880 palmam.
1432 4779 1483 4881 R.
1511 4772 1690 4860 Florete
1709 4775 1855 4863 flores.
1882 4777 1938 4859 5*

1400 4941 1450 5024 In
1467 4944 1539 5026 III.
1559 4942 1784 5024 Nocturno.

1175 5077 1336 5164 Lectio
1355 5077 1497 5164 sancti
1516 5079 1747 5184 Evangelii
1768 5079 2013 5168 seeundum

1456 5193 1729 5285 Matthaeum

1254 5315 1407 5402 Lectio
1428 5319 1497 5400 vii.
1753 5315 1858 5419 Cap.
1874 5317 1931 5400 13.

1222 5467 1251 5523 n
1269 5440 1346 5524 illo
1364 5442 1585 5545 tempore:
1602 5436 1726 5523 Dixit
1739 5435 1763 5518 J
1765 5459 1868 5522 esus
1882 5431 2010 5520 disci·
2182 5475 2183 5478 κ

1249 5553 1367 5661 pulis
1391 5552 1484 5638 suis
1508 5549 1769 5658 parabolam
1793 5547 1925 5634 hanc:
1946 5547 2009 5634 Si·
