4354 6184
268 491 343 566 as*
962 468 1304 590 restaurares.)

269 688 371 773 tuit:
413 686 495 773 sed
529 712 586 772 ne
620 689 855 795 parentum
888 683 1105 770 voluntati
1155 712 1257 771 cum
1270 689 1480 774 antistitae
1498 689 1618 793 jussu
1637 687 1810 775 aridum
1825 688 1995 794 lignum

269 797 580 886 adversaretur
610 799 706 885 viro
742 797 917 902 ingenio
949 798 1104 905 praefe·
1154 798 1338 903 irrigare
1354 825 1445 886 non
1463 799 1696 888 dubitavit.
1716 800 1918 887 Orationi
1932 803 1993 909 ju-

269 913 364 998 roci
409 938 461 997 ac
504 911 703 997 moribus
739 911 900 997 tetrico
936 909 1104 1016 nupsit:
1155 911 1269 1014 giter
1294 912 1500 1016 vacabat,
1532 913 1786 1020 Christique
1813 914 1997 999 Demini

270 1027 393 1128 cujus
404 1026 689 1132 asperitatem
703 1050 757 1108 ea
768 1022 1104 1108 mansuetudine
1156 1023 1377 1111 cruciatus
1398 1024 1589 1113 amedia
1610 1036 1744 1112 nocte
1768 1050 1912 1134 usque
1936 1025 1995 1113 ad

269 1137 389 1240 tulit,
425 1147 474 1223 ut
507 1163 590 1245 per
625 1162 765 1222 annos
801 1134 1105 1239 duodeviginti
1157 1137 1263 1222 solis
1295 1148 1442 1223 ortum
1473 1148 1599 1225 tanto
1631 1139 1790 1225 mentis
1821 1138 1995 1241 ardere,

271 1249 552 1336 concorditer
594 1249 793 1335 vixerint.
845 1249 1008 1334 Marito
1048 1246 1104 1333 ab
1156 1254 1371 1357 tantaque
1389 1250 1670 1336 lacrimarum
1687 1252 1733 1337 vi
1750 1249 1995 1338 meditaba-

269 1363 456 1448 inimicis
469 1363 747 1470 interempto,
762 1387 851 1447 non
866 1360 1010 1447 solum
1021 1384 1104 1466 pro
1156 1373 1247 1464 tur,
1283 1373 1332 1448 ut
1363 1389 1459 1471 prae
1491 1363 1659 1451 doleris
1690 1363 1996 1468 magnitudine

269 1474 626 1561 interfecteribus
650 1475 797 1560 Deum
823 1472 997 1576 orabat3
1024 1471 1105 1558 sed
1156 1500 1270 1581 pene
1289 1476 1449 1561 confici
1469 1477 1705 1564 videretur.

271 1589 403 1674 etiam
422 1587 598 1674 duebus
616 1585 971 1708 adolescentulis,
992 1610 1106 1692 quos
1214 1617 1267 1722 K,
1287 1614 1495 1701 Dilexisti
1510 1616 1731 1722 justifiam,

271 1728 326 1788 ex
345 1728 399 1788 eo
420 1707 650 1807 genuerat,
673 1710 723 1786 ut
744 1705 944 1808 paternae
967 1697 1106 1785 caedis
1584 1789 1592 1806 ·
1676 1790 1685 1805 ·

270 1816 530 1900 memoriam
574 1813 825 1915 abolerent,
879 1808 1105 1897 suadebat.
1472 1790 1624 1872 LQCUO
1644 1817 1698 1870 Ἦ·

271 1929 381 2013 Cum
414 1936 563 2013 autem
589 1926 772 2013 eosdem
799 1924 1007 2011 vindictae
1033 1929 1105 2009 cu·
1163 1889 1405 2138 Quadam
1435 1926 1527 2032 dic,
1560 1953 1660 2013 cum
1692 1927 1750 2014 ad
1777 1925 1941 2014 Christi
1969 1956 1996 2014 e

271 2040 404 2148 pidos
430 2045 729 2145 cognovisset,
754 2041 900 2124 Deum
923 2040 1106 2144 precata
1275 2064 1406 2126 cruce
1422 2039 1668 2149 pendentis.
1677 2041 1914 2145 imaginem
1932 2043 1997 2125 in·

271 2162 358 2255 est,
388 2164 439 2238 ut
468 2179 546 2239 eos
573 2153 702 2240 citius
730 2179 754 2238 e
782 2153 875 2240 vita
902 2153 1105 2259 eriperet,
1156 2154 1324 2238 tensius
1361 2158 1530 2256 oraret,
1565 2154 1695 2262 spina
1730 2179 1755 2240 e
1784 2153 1997 2239 Crucifixi

269 2293 326 2351 ne
357 2270 620 2375 conceptam
646 2270 845 2373 patemae
876 2263 1014 2350 caedis
1043 2261 1105 2346 ul-
1158 2269 1324 2352 corena
1349 2267 1396 2350 in
1421 2266 1567 2352 fronte
1592 2266 1654 2352 ita
1675 2266 1890 2352 transfixa
1913 2277 1996 2370 est,

269 2381 437 2465 tionem
463 2379 702 2486 explerent.
746 2377 829 2462 His
856 2386 1005 2462 autem
1032 2374 1104 2461 de·
1156 2388 1206 2465 ut
1217 2379 1460 2466 insanabile
1474 2379 1633 2466 vulnus
1651 2405 1793 2486 usque
1806 2377 1865 2465 ad
1878 2404 1995 2465 mor-

268 2493 440 2593 fimctis,
458 2519 485 2577 a
505 2494 641 2578 sacris
654 2490 912 2597 Virginibus
927 2489 1105 2574 Ordinis
1156 2501 1247 2578 tem
1262 2492 1510 2600 pertulerit:
1524 2519 1580 2577 ex
1596 2518 1684 2600 quo
1698 2502 1995 2600 praeteracer·

269 2608 411 2693 sancti
424 2606 670 2712 Augustini,
691 2605 842 2691 multis
862 2630 961 2689 cum
979 2602 1103 2687 lacri-
1157 2605 1389 2692 bissimum
1425 2606 1593 2693 doleris
1630 2631 1828 2710 sensum,
1871 2605 1997 2691 foeda

268 2721 351 2805 mis
363 2717 564 2806 habitum
580 2719 835 2823 religiosum
848 2716 1104 2825 postulavit.
1157 2720 1302 2804 sanies
1331 2718 1579 2806 exhalabat.
1631 2717 1760 2806 Unde
1786 2743 1843 2803 ne
1869 2724 1996 2805 sore·

326 2863 378 2970 pq,
400 2859 593 2965 psopter
609 2857 853 2943 veritatem,
1156 2832 1279 2919 ribus
1306 2838 1518 2918 nauseam
1545 2835 1761 2932 moveret,
1793 2830 1996 2916 solitaria

699 3037 706 3053 ,
913 3025 918 3035 ,
1157 2970 1257 3031 cum
1291 2947 1390 3031 Deo
1426 2944 1696 3031 versabatur.
1752 2942 1842 3030 Sed
1877 2968 1996 3029 anno

586 3036 739 3168 Lectffl
761 3063 798 3118 V·
1157 3058 1358 3144 saeculari
1386 3060 1576 3145 Romam
1603 3083 1705 3144 cum
1732 3058 1894 3143 ceteris
1922 3081 1995 3144 so·

338 3170 369 3257 b
398 3167 485 3252 illis
504 3177 667 3269 autem,
693 3169 814 3274 quod
838 3166 957 3252 solas
976 3168 1103 3271 virgi·
1156 3171 1330 3257 reribus
1365 3172 1422 3259 ab
1459 3172 1673 3272 antistita,
1708 3179 1895 3278 propter
1930 3170 1994 3255 ul·

392 3307 471 3367 nes
502 3287 702 3388 recipere
732 3307 831 3368 mos
854 3291 1001 3384 esset,
1035 3290 1104 3367 ter
1156 3285 1270 3370 ceris
1298 3284 1625 3371 deformitatem
1652 3284 1717 3369 ire
1742 3284 1899 3385 vetita,
1927 3308 1994 3369 re·

271 3393 496 3503 repulsam
524 3419 677 3501 passa,
708 3419 797 3479 non
829 3393 968 3479 multo
1000 3403 1105 3502 post
1155 3399 1290 3502 pente
1315 3397 1518 3484 absterso
1542 3398 1725 3483 vulnere
1749 3396 1995 3483 convaluit:

206 3559 210 3568 ·
269 3509 364 3595 voti
391 3532 578 3613 compos
605 3505 814 3594 divinitus
841 3507 999 3593 effecta
1026 3517 1104 3592 est.
1157 3511 1279 3614 quod
1305 3519 1453 3596 tamen
1480 3514 1661 3596 reversa
1686 3509 1884 3611 domum,
1914 3513 1995 3595 ite·

267 3621 383 3706 Nam
404 3619 595 3727 quadam
620 3629 766 3723 nocte,
791 3619 897 3704 dum
916 3620 1105 3706 orationi
1156 3649 1254 3708 rum
1291 3623 1448 3730 erupit.
1498 3623 1611 3708 Post
1644 3623 1816 3729 aliquot
1852 3646 1994 3707 annos

267 3737 458 3834 vacaret,
484 3757 512 3816 a
528 3740 683 3818 sancto
701 3733 727 3816 J
729 3736 871 3817 oanne
888 3732 1105 3839 Baptista,
1149 3736 1282 3840 gravi
1299 3734 1458 3844 morbo
1477 3738 1697 3842 correpta,
1720 3736 1868 3842 ipsum
1888 3761 1994 3843 qua·

269 3871 402 3952 quem
424 3845 509 3930 sibi
525 3850 764 3952 patronum
785 3846 830 3928 in
848 3846 1001 3952 primis
1020 3845 1104 3931 ele·
1157 3847 1357 3933 driennio
1398 3848 1721 3956 patientissime
1765 3846 1996 3934 toleravit:

269 3969 410 4065 gerat,
429 3962 605 4060 vocata,
626 3983 679 4044 ac
698 3983 798 4043 eum
816 3985 898 4066 per
916 3958 1105 4066 abrupta
1158 3985 1247 4067 quo
1266 3964 1470 4068 tempore
1485 3986 1675 4047 vernans
1693 3957 1803 4046 rosa
1820 3987 1877 4047 ex
1894 3960 1994 4046 her·

269 4073 485 4156 mentium
511 4072 639 4177 sequi
660 4073 796 4179 jussa,
818 4071 954 4158 beato
973 4073 1105 4158 Patre
1156 4073 1268 4170 tulo,
1292 4074 1535 4181 asperrima
1551 4073 1712 4177 hieme,
1734 4083 1871 4180 atque
1891 4071 1995 4159 duae

268 4185 532 4290 Augustino
552 4193 597 4269 et
613 4184 804 4270 Nicolao
824 4184 1105 4271 Tolentinate
1156 4186 1471 4272 recentissimae
1496 4185 1607 4270 ficus
1634 4185 1676 4271 ei
1702 4185 1850 4270 allatae
1880 4197 1996 4272 sunt.

269 4296 601 4398 comitantibus,
628 4297 674 4380 in
701 4296 955 4384 coenobium
977 4298 1103 4382 mira·
1156 4299 1292 4385 Morti
1308 4300 1395 4404 iam
1417 4300 1636 4406 prexima,
1662 4297 1886 4384 Christum
1902 4297 1994 4385 De·

268 4409 415 4496 biliter
431 4411 697 4512 introducta,
722 4409 1009 4513 avirginibus
1026 4411 1102 4494 mi-
1157 4411 1324 4496 minum
1347 4435 1434 4495 una
1457 4435 1559 4496 cum
1576 4409 1709 4496 beata
1719 4409 1912 4515 'Virgine
1935 4411 1996 4498 ad

269 4522 420 4608 raculo
438 4524 664 4630 permetir,
689 4522 878 4627 benigne
897 4528 1104 4631 suscepta
1158 4522 1356 4609 coelestia
1379 4548 1517 4628 regna
1544 4527 1845 4609 revocantem
1871 4522 1994 4610 audi·

270 4645 348 4722 est.
389 4635 457 4720 Re
483 4637 617 4740 igitur
641 4635 843 4720 familiari
869 4635 1104 4739 divendita,
1156 4637 1238 4740 vit;
1274 4647 1408 4744 atque
1439 4638 1502 4721 ita
1534 4636 1755 4744 susceptis
1787 4635 1994 4722 omnibus

270 4773 323 4834 ac
339 4749 485 4855 pretio
503 4748 783 4856 inpauperes
798 4753 995 4853 erogato,
1013 4774 1104 4834 mo·
1156 4748 1370 4834 Ecclesiae
1402 4750 1708 4850 sacramentis,
1740 4765 1855 4834 anno
1886 4760 1997 4857 post

268 4862 512 4946 nasterium
546 4862 693 4967 ipsum
727 4860 991 4965 ingreditur:
1028 4862 1106 4947 ubi
1158 4861 1380 4948 Christum
1422 4871 1577 4946 natum
1616 4860 1851 4947 millesimo
1889 4887 1994 4969 qua·

269 4998 434 5081 corpus
452 4971 624 5077 vigiliis,
643 4973 800 5074 cilicio,
819 4974 969 5081 spinis,
994 4997 1105 5079 quas
1157 4972 1499 5078 dringentesimo
1532 4972 1872 5079 quadragesimo
1907 4978 1994 5060 ter·

268 5088 432 5172 tunicae
456 5092 724 5187 attenuarat,
749 5085 1004 5193 crebrisque
1029 5087 1103 5170 fla·
1155 5089 1237 5188 tio,
1259 5086 1495 5174 undecimo
1513 5085 1741 5172 Kalendas
1759 5086 1786 5171 J
1787 5087 1896 5190 sinii,
1915 5087 1994 5173 ob·

268 5198 394 5303 gellis
421 5199 466 5282 in
497 5199 758 5284 servitutem
788 5197 1013 5304 redigens,
1046 5199 1102 5284 ci·
1156 5197 1365 5286 dormivit
1391 5201 1436 5283 in
1464 5200 1670 5286 Demino.
1720 5200 1895 5307 Corpus
1922 5227 1993 5285 us·

267 5309 375 5396 bum
403 5309 541 5397 semel
569 5309 615 5393 in
647 5310 721 5398 die
752 5310 973 5414 sumebat,
1005 5310 1103 5397 solo
1157 5335 1244 5417 que
1280 5313 1338 5397 ad
1373 5311 1487 5397 hanc
1522 5313 1641 5398 diem
1673 5312 1993 5420 incorruptum,

267 5447 383 5530 pane
408 5434 452 5508 et
480 5447 596 5529 aqua
623 5428 843 5510 contenta.
887 5421 1103 5510 Obedien·
1157 5425 1420 5511 suavissimo
1440 5423 1580 5510 odere
1598 5423 1808 5529 fragrans,
1826 5425 1901 5531 pie
1920 5429 1992 5510 co-

267 5535 343 5622 tiae
387 5537 557 5638 insigne
602 5536 796 5644 praebuit
842 5537 1103 5644 exemplum,
1155 5537 1270 5622 litur.
1312 5537 1425 5622 Eam
1446 5535 1669 5622 miraculis
1684 5546 1794 5621 ante
1817 5545 1864 5622 et
1885 5547 1994 5643 post
