4402 6190
335 509 411 583 50*
710 509 916 578 Dominica
938 509 965 578 l.
989 509 1166 595 Augusti.
1212 509 1254 578 B.
1279 509 1326 614 M
1344 509 1386 578 V.
1413 508 1459 579 dc
1483 509 1670 580 Mercede.

574 699 624 779 Iu
646 701 676 780 Ι.
700 701 923 782 Nocturno.
1214 694 1335 781 ribus
1352 693 1585 780 meiszvox
1603 691 1718 782 enim
1731 703 1810 782 tua
1827 693 1979 799 dulcis,
1995 708 2036 782 et

388 837 488 920 Ant.
511 837 616 924 Veni
631 836 687 925 de
696 836 866 923 Libano
881 859 1163 944 sponsamea,
1214 807 1349 892 facies
1368 816 1444 893 tua
1462 807 1637 948 deciis&
1700 921 1710 939 ι
1956 917 1965 936 ι

333 951 837 1052 venideLibanQveni,
1269 925 1321 1030 It.
1340 919 1593 1006 Introduxit
1610 918 1913 1006 memcellam
1925 921 2036 1001 vma-

386 1073 533 1144 Psalmi
569 1076 684 1144 trium
720 1075 1006 1145 Nocturnorum
1045 1082 1086 1144 ut
1122 1073 1161 1143 in
1212 1032 1338 1135 riam*
1369 1031 1591 1148 ordinavit
1621 1034 1672 1142 in.
1696 1059 1767 1118 me
1797 1032 2037 1120 casitatem

334 1169 462 1242 Festis
487 1171 532 1242 B.
554 1173 601 1243 M.
617 1171 661 1241 V.
684 1191 755 1260 per
781 1192 932 1242 annum.
1212 1146 1383 1233 Fulcite
1418 1172 1489 1232 me
1526 1147 1727 1250 floribus,
1773 1146 1938 1252 stipate
1971 1167 2037 1229 me

387 1277 488 1359 Ant.
512 1276 552 1359 A
570 1283 697 1358 sumo
713 1270 827 1358 coelo
844 1268 1039 1375 egressio
1058 1270 1161 1375 ejus,
1212 1259 1357 1344 malis:
1405 1265 1428 1313 *
1479 1260 1591 1364 Quia
1641 1263 1791 1345 amore
1842 1258 2038 1362 langueo.

332 1399 493 1475 utnon
516 1387 590 1491 sit,
616 1385 691 1492 qui
716 1410 764 1470 se
788 1382 1074 1471 abscendata
1093 1406 1160 1466 ca·
1215 1363 1266 1472 M.
1286 1371 1422 1458 Laeva
1447 1373 1538 1478 eius
1566 1373 1650 1486 sub·
1677 1371 1824 1480 cepite
1849 1396 1972 1471 meo,
1997 1380 2038 1457 et

333 1501 427 1588 lore
446 1503 550 1604 eius.
1213 1483 1395 1570 dextera
1437 1484 1553 1570 illius
1596 1485 1923 1594 amplexibitur
1962 1507 2037 1568 me.

387 1625 486 1706 Ant.
522 1621 741 1708 Fundevit
773 1645 869 1707 eam
896 1617 1160 1719 Altissimus
1213 1599 1337 1702 Quia·
1396 1713 1403 1729 ⁸
1458 1713 1480 1732 ..

333 1762 466 1844 super
479 1736 616 1821 meria
628 1733 828 1820 fundevit
842 1757 950 1836 eam,
969 1741 1013 1818 et
1027 1755 1161 1837 super
1220 1753 1224 1764 ·
1283 1712 1494 1797 Le0t1011·
1758 1829 1769 1854 ‚
1816 1713 1921 1817 Cap.
1937 1716 1972 1792 4.

333 1850 512 1938 flirmina
531 1847 801 1958 praeparavit
820 1871 929 1932 eam.
1215 1816 1369 2029 Tota
1394 1825 1579 1935 pulchra
1606 1852 1655 1913 es
1682 1850 1824 1912 amrca
1851 1850 1968 1911 mea:
1997 1833 2037 1911 et

386 1958 435 2064 ii,
480 1972 551 2056 Tu
597 1977 836 2074 exsurgens
881 1964 1160 2053 misereberis
1319 1941 1492 2027 mecula
1509 1967 1598 2027 non
1616 1941 1747 2027 estin
1765 1950 1821 2027 te.
1851 1940 1970 2026 Veni
1986 1940 2036 2025 de

330 2084 447 2171 Sion.
500 2083 551 2185 ld.
578 2083 690 2188 Quia
721 2093 897 2190 tempus
923 2076 1159 2166 miserendi
1211 2054 1397 2157 Ll'bffll0,
1424 2080 1589 2188 ⁸p011⁸a
1615 2080 1731 2156 mea,
1754 2053 1860 2187 yeni
1890 2050 1948 2139 de
1973 2053 2035 2136 L1'·

331 2201 435 2305 ejus,
462 2198 563 2305 quia
584 2197 703 2284 venit
728 2205 915 2303 tempus,
1212 2167 1341 2270 bano,
1366 2193 1482 2254 vern:
1504 2167 1790 2256 coronaberis
1815 2165 1873 2254 de
1897 2171 2035 2274 ceprte

650 2352 701 2373 ..
870 2351 879 2370 .
1212 2282 1398 2386 Amana,
1425 2281 1482 2368 de
1504 2281 1669 2369 vertice
1692 2282 1834 2384 Sanir,
1863 2289 1909 2366 et
1932 2281 2034 2364 Her·

440 2355 507 2441 De
521 2353 727 2508 ¹Cetnbcls
755 2353 1047 2440 Cantlcdfflm·
1209 2420 1323 2496 mon,
1340 2394 1397 2483 de
1412 2394 1627 2482 cubilibus
1642 2395 1829 2498 leonum,
1849 2391 2033 2511 demen-

409 2491 605 2574 LeCUO'l·
924 2496 1027 2598 Cap·
1043 2498 1080 2576 2·
1208 2509 1326 2594 tibus
1361 2506 1614 2618 pardorum.
1665 2508 1922 2596 Vulneresti
1965 2533 2036 2593 cor

373 2682 374 2685 ι
428 2702 430 2713 ,
444 2650 503 2729 go
529 2626 613 2710 flos
635 2626 798 2733 campi,
826 2634 871 2712 et
896 2624 1036 2710 lssium
1058 2648 1158 2709 con·
1208 2648 1370 2726 meum,
1402 2648 1531 2710 soror
1556 2648 1656 2708 mea
1682 2647 1864 2730 sponsa,
1895 2621 2034 2707 vrdne·

338 2746 390 2841 j,
470 2739 660 2824 vellium.
713 2740 835 2825 Sicut
870 2737 1008 2822 lilium
1044 2736 1159 2822 inter
1208 2737 1318 2822 resti
1345 2761 1595 2823 cormeum
1621 2736 1666 2820 in
1693 2761 1781 2822 uno
1809 2735 2033 2822 oculorum

470 2853 636 2960 spinas,
663 2853 728 2937 sic
754 2855 895 2938 amica
920 2874 1020 2936 mea
1045 2849 1158 2934 inter
1208 2853 1402 2953 tuorum,
1430 2860 1475 2937 et
1498 2849 1543 2934 in
1569 2857 1657 2935 uno
1686 2849 1807 2934 crine
1835 2848 1941 2934 colli
1965 2848 2033 2934 tui.

327 2965 453 3051 tiliae.
496 2965 618 3052 Sicut
643 2966 785 3051 malus
811 2965 925 3050 inter
948 2963 1065 3069 ligna
1088 2962 1157 3046 sil-
1209 2963 1350 3064 Quam
1372 2961 1570 3071 pulchrae
1589 2971 1691 3048 sunt
1711 2987 1917 3048 mammae
1939 2972 2033 3066 tuae,

327 3081 500 3183 verum,
524 3080 589 3164 sic
613 3077 802 3166 dilectus
827 3103 951 3164 meus
975 3077 1088 3163 inter
1109 3075 1157 3161 ii·
1208 3100 1336 3163 soror
1353 3102 1452 3163 mea
1467 3077 1649 3184 sponsa!
1666 3073 1923 3184 pulchriora
1940 3085 2034 3159 sunt

326 3190 422 3277 lios.
462 3193 552 3279 Sub
570 3193 725 3278 umbra
743 3191 872 3294 illius,
896 3216 1027 3300 quem
1046 3189 1158 3276 desi·
1208 3188 1346 3275 ribera
1363 3200 1440 3276 tua
1457 3193 1578 3293 vino,
1602 3199 1648 3276 et
1666 3189 1779 3275 odor
1797 3193 2033 3294 unguento·

327 3303 606 3410 derdveram‚
642 3303 756 3392 sedi:
792 3315 837 3390 et
866 3304 1034 3391 fructus
1066 3305 1158 3410 ejus
1208 3329 1304 3388 rum
1323 3308 1500 3389 tuorum
1519 3328 1652 3411 super
1669 3302 1817 3388 omnia
1830 3307 2033 3388 aromata.

327 3417 468 3504 dulcis
486 3419 653 3523 gntturi
671 3444 784 3505 meo.
815 3416 1068 3504 Introduxit
1085 3442 1157 3503 me
1207 3414 1353 3500 Favus
1381 3415 1596 3504 distillans
1620 3415 1738 3500 lebia
1761 3424 1838 3501 tua
1864 3439 2032 3522 sponsa

324 3531 370 3614 in
405 3532 561 3617 cellam
591 3533 825 3634 vinariam,
862 3530 1082 3616 ordinavit
1112 3530 1156 3613 in
1208 3529 1295 3614 mel
1314 3539 1359 3614 et
1376 3529 1445 3614 lac
1469 3527 1550 3614 sub
1575 3528 1723 3634 lingua
1739 3538 1831 3614 tua:
1856 3539 1903 3615 et
1927 3524 2031 3613 odor

325 3669 396 3730 me
415 3645 653 3732 caritetem.
683 3645 854 3732 Fulcite
871 3669 943 3730 me
961 3643 1156 3745 floribus,
1207 3642 1570 3728 vestimentorum
1591 3646 1769 3727 tuorum
1792 3640 1909 3726 sicut
1926 3637 2032 3726 odor

325 3757 487 3866 stipite
509 3785 580 3844 mc
602 3759 745 3860 malis,
771 3759 874 3865 quia
898 3760 1048 3841 amore
1066 3755 1155 3840 lain·
1207 3753 1358 3840 thuris.
1376 3756 1547 3841 Hortus
1556 3755 1793 3842 conclusus
1803 3778 1933 3840 soror
1941 3777 2031 3837 mea

324 3897 450 3976 guco.
490 3873 626 3958 Laeva
651 3876 743 3979 ejus
765 3872 847 3959 rub
872 3870 1020 3976 cepite
1043 3894 1155 3972 meo,
1208 3892 1388 3976 sponsa,
1412 3866 1567 3954 hortus
1587 3867 1841 3969 conclusus,
1867 3869 1966 3952 fons
1983 3865 2029 3948 si·

325 3993 371 4070 ct
390 3985 571 4071 dextera
587 3986 705 4070 illius
729 3983 1051 4092 amplexabitur
1073 4007 1155 4067 me.
1207 3985 1376 4085 gnatus.
1407 3980 1678 4066 Emissiones
1696 3991 1786 4068 tuae
1805 3975 2029 4088 paradisus

324 4098 392 4183 En
424 4098 611 4185 dilectus
646 4125 771 4184 meus
802 4096 997 4205 loquitur
1031 4095 1155 4180 mihi:
1206 4092 1424 4179 malorum
1456 4095 1719 4203 punicorum
1754 4119 1856 4180 cum
1884 4096 2028 4202 pomo·

324 4211 481 4315 Surge,
512 4215 726 4320 prepcra,
758 4214 899 4297 amica
928 4233 1046 4310 mea,
1083 4233 1153 4292 co·
1195 4231 1304 4290 rum
1331 4207 1555 4294 fructibus.
1599 4205 1735 4316 Cypri
1762 4233 1864 4292 cum
1887 4204 2028 4304 nardo,

323 4324 474 4410 himba
489 4350 604 4427 mea,
628 4325 824 4410 formosa
841 4348 956 4424 mea,
980 4332 1025 4408 et
1042 4322 1154 4406 veni.
1205 4319 1380 4422 nardus,
1400 4331 1445 4406 et
1463 4345 1632 4422 crocus,
1652 4317 1811 4422 fistula,
1830 4329 1877 4406 ct
1895 4319 2026 4404 cinna·

324 4435 350 4522 J
351 4462 423 4522 am
457 4439 574 4524 enim
608 4436 750 4524 hiems
785 4435 977 4538 transiit,
1014 4432 1154 4520 imber
1206 4436 1401 4516 momum
1432 4459 1532 4518 cum
1563 4432 1779 4518 universis
1810 4432 1941 4536 lignis
1965 4430 2026 4515 Li·

324 4550 449 4652 abiit,
468 4560 513 4636 et
531 4552 725 4637 recessit.
763 4549 920 4634 Flores
939 4551 1152 4656 apparue·
1203 4542 1318 4647 bani,
1335 4545 1522 4652 myrrha,
1541 4556 1586 4631 et
1603 4546 1703 4630 eloe
1717 4571 1817 4632 cum
1831 4543 2025 4631 omnibus
2164 4555 2165 4632 t

323 4675 425 4749 runt
442 4665 488 4748 in
510 4675 629 4751 terra
646 4672 814 4765 nostra,
834 4671 1010 4770 tempus
1027 4669 1151 4768 puta·
1205 4659 1357 4765 primis
1375 4658 1618 4765 unguentis.
1652 4656 1772 4744 Fons
1789 4658 2025 4747 hortorum:
2164 4701 2165 4714 ι

323 4778 455 4863 tionis
479 4775 673 4863 advenit:
698 4802 786 4863 vox
803 4775 986 4861 torturis
1004 4773 1153 4859 audita
1203 4776 1365 4877 puteus
1395 4775 1609 4880 aquerum
1638 4772 1898 4874 viventium,
1933 4793 2024 4877 quae

324 4900 393 4977 est
419 4893 464 4976 in
490 4900 609 4979 terra
635 4901 802 4978 nostra:
828 4891 940 4974 ficus
966 4886 1153 4996 pretulit
1203 4885 1344 4971 fluunt
1369 4889 1538 4993 impetu
1565 4884 1621 4970 de
1649 4884 1829 4971 Libano.

322 5031 505 5112 grossos
529 5031 650 5091 suos:
676 5010 818 5090 vineae
845 5003 1054 5087 florentes
1079 4999 1151 5086 de·
1261 4996 1310 5099 li.
1350 4999 1494 5084 Favur
1539 4996 1755 5084 distillans
1797 4999 1915 5085 labia
1955 5008 2024 5082 tua

180 5155 183 5162 ·
323 5115 483 5205 derunt
497 5119 681 5206 odorem
694 5125 848 5204 suum·
859 5117 998 5220 Surge
1011 5118 1152 5198 amica
1205 5136 1385 5218 sponsa,
1402 5113 1506 5213 mel,
1527 5113 1658 5198 etlac
1676 5113 1921 5218 sublingua
1940 5123 2022 5197 tua:

322 5258 439 5335 mea,
472 5234 824 5341 speciosam,
857 5227 1151 5316 etvcniz'co-
1209 5219 1310 5310 *Et
1334 5225 1447 5311 odor
1469 5227 1833 5312 vestimentorum
1855 5229 2021 5312 tuorum
2164 5241 2165 5310 i

321 5345 472 5432 himba
496 5370 596 5432 mea
616 5347 661 5432 in
688 5342 973 5433 foraminibus
999 5350 1152 5449 petre,
1204 5339 1317 5426 sicut
1341 5337 1455 5425 odor
1478 5338 1630 5425 thuris.
1686 5325 2019 5434 l³⁷·'Emissiones

321 5457 367 5542 in
385 5465 573 5544 caverna
594 5460 814 5562 maceriae,
838 5453 1023 5544 ostende
1044 5452 1152 5538 mihi
1202 5463 1292 5538 tuae
1302 5452 1532 5560 paradisus
1542 5453 1759 5541 malorum
1768 5454 2019 5561 punicorum

322 5571 480 5659 leciem
495 5582 631 5676 tuam,
656 5585 784 5660 sonet
802 5597 890 5658 vox
915 5582 991 5657 tua
1015 5572 1060 5655 in
1078 5575 1150 5653 air·
1202 5592 1302 5653 cum
1320 5571 1555 5676 pomorum
1571 5568 1798 5655 fructibus.
1830 5567 1887 5652 Et
1904 5563 2018 5652 odor.
2164 5655 2165 5660 a
