4354 6184
852 496 968 568 Festa
991 498 1108 568 Junii.
1133 497 1209 583 (lo.)

166 684 354 771 columi·
380 684 588 773 divinitus
615 686 808 773 evadens
835 686 880 770 in
907 690 998 772 car·
1051 684 1164 772 drsli
1198 715 1369 776 summa
1402 691 1563 778 civium
1596 692 1881 779 veneratione

165 824 315 885 cerem
338 797 484 886 denuo
506 798 755 886 incldditur.
792 800 831 883 Ε
852 805 998 886 custo-
1052 800 1220 889 colitur.
1276 811 1327 917 R.
1352 803 1477 891 Stola
1492 804 1785 911 jucunditatis.

163 912 244 998 dia
265 912 321 1000 ab
339 913 513 1019 Angelo
532 912 735 1018 edoctus,
760 918 903 1021 coque
930 939 999 999 co·
1279 968 1298 1047 Ι
1346 969 1471 1050 ΠῙΝ
1523 968 1543 1047 t

163 1027 350 1114 mitante
374 1027 432 1113 ad
453 1027 588 1112 maris
611 1051 754 1133 usque
777 1026 898 1130 linis,
923 1051 998 1134 pa·
1166 1089 1176 1109 .
1226 1067 1229 1070 ·
1300 991 1417 1112 ΠΗ
1475 991 1661 1114 Ορυῗῗο·
1726 1099 1737 1120 ,

163 1143 312 1226 mam
340 1141 488 1227 navim
520 1167 620 1226 cum
648 1139 917 1245 Golbodaem
956 1149 1001 1225 et
1054 1093 1207 1179 Lecno
1230 1101 1371 1179 sancti
1387 1091 1616 1200 svangsln
1638 1092 1882 1180 secundum

162 1252 375 1363 Nympha
397 1254 664 1342 conscendit.
1378 1205 1556 1292 Lucam*

222 1405 276 1508 lp,
297 1394 579 1484 Desidffium
599 1394 767 1482 animae·
1132 1323 1284 1408 Lectio
1305 1325 1372 1408 vii.
1614 1325 1718 1432 Cap,
1746 1329 1804 1408 14„

1097 1467 1127 1523 n
1150 1439 1228 1526 illo
1251 1442 1470 1549 tompore:
1492 1439 1616 1527 Dixit
1639 1442 1667 1527 J
1668 1468 1768 1530 esus
1794 1453 1881 1529 tur-

474 1565 627 1650 Lectio
646 1569 697 1648 vi.
1122 1551 1209 1640 bis:
1232 1553 1277 1642 Si
1297 1554 1394 1660 quis
1412 1553 1533 1641 venit
1551 1552 1608 1641 ad
1626 1582 1712 1658 me,
1731 1566 1777 1642 et
1793 1581 1882 1642 non

245 1709 277 1796 d
306 1709 517 1816 AEgiiium
553 1710 740 1796 insulam
775 1708 999 1817 appdlsns,
1051 1659 1147 1753 Odit
1169 1678 1341 1777 patrem
1365 1694 1511 1801 sunm,
1538 1678 1583 1755 et
1605 1680 1808 1772 matrem,
1836 1679 1881 1756 et

279 1834 476 1911 montem
492 1822 554 1911 ibi
570 1824 627 1911 ab
641 1823 1000 1910 omnihomum
1050 1786 1254 1886 uxorem,
1298 1791 1344 1868 et
1377 1781 1513 1886 tihos‚
1547 1793 1592 1870 et
1623 1782 1802 1915 tratres,
1839 1793 1884 1870 et

165 1940 394 2025 consol-fio
439 1938 703 2045 gemtum,
750 1946 800 2023 ut
839 1934 998 2021 divinis
1051 1897 1245 1999 sorores,
1273 1893 1417 1982 adhuc
1445 1905 1593 1982 autem
1620 1901 1881 1982 stammam

164 2050 613 2161 contemplationibus
632 2044 909 2137 commin„
925 2076 997 2135 va,
1051 2033 1192 2112 suam,
1214 2034 1305 2095 non
1327 2018 1477 2118 potest
1494 2035 1618 2095 meus
1638 2035 1735 2096 esse
1754 2009 1881 2095 disci·

164 2171 304 2268 caret,
325 2191 408 2274 pro
427 2190 507 2251 sua
528 2174 574 2250 et
590 2165 815 2250 sociorum
832 2161 997 2250 habita·
1049 2121 1192 2229 pulus·
1219 2121 1279 2207 Εἴ
1296 2122 1477 2231 reliquo·
1557 2164 1560 2175 ·

165 2279 290 2366 tione
317 2279 485 2383 selegit.
535 2277 750 2384 Angdlico
778 2276 882 2363 inde
907 2281 998 2362 mo·
1137 2261 1328 2351 HOmilia
1350 2259 1629 2396 Venerabilis
1653 2262 1792 2350 Bedae
1883 2331 1886 2340 .

164 2395 261 2480 nitu
287 2390 510 2494 discossit,
538 2403 583 2478 et
604 2393 795 2477 Romam
822 2394 998 2477 conten·
1330 2375 1595 2484 Presby'tern

164 2506 288 2611 dens,
306 2505 494 2617 pharum
511 2505 673 2590 Portus
692 2503 883 2591 Romani
899 2529 998 2612 pro.
1194 2495 1276 2566 Lib.
1294 2499 1323 2564 4.
1343 2497 1380 2565 in
1398 2497 1551 2566 Lucam.
1578 2497 1671 2584 Cap.
1692 2497 1754 2594 143

162 2647 222 2728 pe
247 2621 444 2707 Tssserim
468 2619 628 2724 astigia
653 2618 733 2705 sed
758 2643 875 2720 cum,
899 2617 998 2704 Deo
1132 2632 1156 2709 ts„
1168 2638 1185 2697 i
1202 2602 1882 2706 dhucautemctanimamsuam

164 2735 409 2844 aspirante,
452 2733 498 2818 in
536 2733 799 2819 Buccinonsi
844 2741 999 2840 crypta
1094 2710 1191 2861 Q
1217 2742 1307 2802 non
1324 2726 1476 2824 potest
1491 2743 1617 2804 meus
1636 2741 1735 2849 esse
1753 2715 1880 2802 disci·

165 2847 366 2954 ejdsdcm
391 2849 554 2933 Portus
585 2846 696 2932 alios
728 2844 841 2931 dnos
870 2841 997 2930 disci·
1218 2830 1360 2939 pulus.
1412 2830 1542 2963 Tunc
1575 2834 1735 2917 otemm
1765 2828 1881 2916 bene

163 2959 309 3069 pulos,
327 2961 564 3046 Proculum
582 2958 762 3060 scilicet,
782 2969 827 3045 et
840 2959 997 3044 Eusto·
1050 2945 1240 3029 &umam
1257 2954 1455 3030 nostram
1470 2943 1654 3046 odimus,
1674 2969 1774 3029 cum
1789 2945 1881 3049 eius

164 3075 287 3177 tium,
312 3079 568 3182 reperisset,
598 3076 787 3181 quatuor
810 3098 911 3158 cum
929 3075 997 3157 so·
1050 3056 1299 3189 camslibus
1328 3055 1558 3144 desidoriis
1586 3083 1676 3145 non
1707 3057 1879 3166 aequio-

165 3190 247 3274 ciis
261 3190 450 3274 Romam
468 3186 599 3287 venit,
618 3195 663 3272 et
676 3186 998 3294 Apostolomm
1049 3195 1229 3303 19111111,
1256 3196 1357 3255 cum
1382 3173 1474 3278 eius
1499 3176 1745 3280 appetitum
1767 3171 1880 3255 fran-

165 3300 400 3410 sepilchra
432 3305 689 3402 veneratus,
719 3299 765 3381 in
796 3296 998 3384 eamdem
1048 3308 1210 3388 81111111,
1243 3285 1335 3390 eius
1361 3284 1665 3394 voluptatibus
1695 3283 1879 3370 relucta·

165 3419 400 3500 cavernam
434 3415 638 3499 reversus
674 3422 753 3498 est.
811 3411 998 3518 Inopem
1047 3421 1157 3480 mur·
1219 3399 1328 3501 Quae
1373 3422 1479 3502 orgo
1526 3401 1778 3504 contempta
1823 3394 1880 3480 ad

164 3528 292 3631 inibi,
333 3527 414 3614 sed
448 3526 504 3614 de
540 3524 796 3613 coelestibus
829 3524 997 3612 deliciis
1048 3508 1203 3595 molius
1234 3509 1429 3612 docitur,
1461 3511 1587 3618 quasi
1616 3535 1698 3619 per
1729 3507 1880 3595 odium

164 3642 419 3728 affluentem
452 3641 589 3728 vitam
626 3663 780 3746 agens,
825 3648 870 3725 et
908 3663 996 3724 nno
1048 3625 1231 3709 amatur.
1253 3622 1326 3709 Sic
1339 3622 1543 3708 nimirum
1558 3622 1880 3729 exhiborepro·

165 3761 343 3843 aeternae
387 3755 546 3864 patriae
581 3753 801 3841 desiderio
838 3761 996 3856 tentus,
1047 3735 1176 3820 nimis
1193 3737 1358 3823 nostris
1373 3733 1466 3820 odii
1481 3734 1792 3822 discretionem
1807 3731 1879 3820 de·

164 3879 325 3972 morte,
352 3893 503 3976 quam,
525 3869 624 3961 Deo
647 3866 887 3970 revelante,
912 3865 998 3953 sibi
1047 3846 1213 3950 bemus,
1230 3849 1336 3935 utin
1351 3849 1425 3952 eis,
1439 3859 1485 3934 et
1500 3849 1744 3954 diligamus,
1759 3846 1880 3954 quod

164 3981 392 4069 imminere
424 3987 628 4082 noverat,
663 3979 795 4066 sociis
829 3980 996 4088 patera·
1048 3974 1150 4096 sunt
1180 3972 1225 4051 et
1250 3962 1493 4098 nascamus
1524 3960 1649 4064 odio,
1682 3960 1805 4069 quod
1834 3962 1880 4046 in

165 4103 248 4200 cta,
262 4101 428 4203 eosque
442 4094 679 4182 adsociet
693 4093 996 4180 sanctimoniae
1047 4077 1284 4164 De1n0b1s
1310 4081 1464 4163 maere
1491 4075 1725 4162 obsistunt·

163 4210 540 4316 perseverantiam
553 4207 826 4311 adhortatus,
840 4206 994 4295 diede-
1102 4197 1153 4301 R'·
1179 4190 1354 4277 C⁰f⁶¹¹³
1372 4197 1517 4276 ffl'ffea·

164 4323 277 4408 eima
301 4332 427 4409 sexta
445 4324 471 4408 J
471 4323 579 4425 onii,
604 4347 719 4408 anno
744 4321 995 4407 trecentesi-
1337 4319 1488 4404 Lectio
1508 4319 1592 4400 viii.

163 4462 237 4524 mo
261 4435 526 4524 duodecimo
552 4434 821 4522 obdormivit
843 4433 889 4519 in
906 4434 994 4520 Do·
1139 4459 1195 4520 oc
1228 4433 1373 4542 ipsum
1399 4457 1506 4519 vero
1538 4431 1696 4518 animae
1728 4432 1878 4520 odium

164 4551 294 4635 mino.
344 4550 452 4658 Ejus
476 4574 640 4658 corpus
664 4546 831 4636 ibidem
855 4572 882 4630 a
904 4548 995 4632 suis
1166 4547 1353 4653 qualiter
1372 4544 1570 4632 exhibori
1588 4544 1761 4647 debeat
1779 4544 1877 4632 sub·

165 4662 394 4772 discipulis
406 4662 681 4763 tumulatum,
694 4663 816 4768 jussu
829 4659 996 4747 Urbini
1047 4657 1194 4746 dendo
1212 4661 1392 4746 Veritas
1415 4659 1683 4762 manifestat,
1711 4658 1862 4746 dicens

164 4777 348 4863 secandi
371 4801 487 4862 anno
509 4775 744 4870 millesimo
768 4774 995 4878 nonagesi-
1046 4773 1105 4858 Et
1132 4774 1208 4880 qui
1233 4797 1323 4858 non
1349 4772 1516 4880 bajulat
1541 4797 1715 4859 crucem
1743 4797 1878 4875 suam,

162 4915 237 4976 mo
274 4889 471 4977 secondo
503 4890 690 4974 Romam
725 4888 996 4988 transfertur,
1047 4898 1092 4973 et
1110 4887 1231 4973 venit
1247 4897 1353 4995 post
1369 4912 1453 4990 me,
1474 4911 1566 4971 non
1581 4895 1734 4993 potest
1751 4911 1876 4972 mens

164 5013 209 5090 et
229 5003 275 5089 in
298 5004 487 5092 ecclesia
510 5011 676 5090 sanctae
696 5001 849 5088 Mariae
874 5027 994 5087 mon·
1046 5024 1145 5085 esse
1181 4997 1433 5106 discipulus.
1496 4998 1616 5085 Crux
1652 4999 1816 5108 quippe
1851 5025 1878 5084 a

164 5117 220 5202 tis
255 5117 379 5204 Caelii
413 5116 641 5204 conditum
677 5124 756 5203 cst
812 5117 995 5202 Sacrum
1047 5113 1244 5200 cruciatu
1263 5113 1433 5200 dicitur.
1464 5114 1522 5199 Et
1540 5112 1714 5199 duobus
1731 5112 1877 5199 modis

165 5255 271 5318 vero
304 5243 458 5342 caput,
488 5234 706 5318 annuente
739 5228 993 5316 Alexandro
1046 5250 1223 5313 crucem
1256 5226 1436 5313 Domini
1468 5225 1733 5334 baiulamus,
1777 5251 1877 5312 cnm

164 5346 353 5454 septimo
379 5371 495 5432 anno
518 5344 749 5430 millesimo
769 5343 993 5430 sexcente-
1046 5350 1123 5426 aut
1138 5365 1219 5448 per
1243 5339 1553 5426 abstinentiam
1575 5365 1752 5424 carnem
1770 5339 1878 5424 affli-

165 5461 277 5546 simo
317 5459 682 5568 quinquagesimo
718 5461 879 5544 octavo
914 5455 993 5540 Pa·
1045 5456 1199 5559 gimus,
1218 5465 1293 5542 ant
1311 5479 1391 5562 per
1406 5454 1760 5560 compassionem
1775 5457 1877 5561 pro·

165 5578 367 5660 normum
385 5572 582 5660 delatum
600 5569 831 5679 intemplo
850 5567 994 5657 cathe-
1045 5568 1152 5654 ximi
1187 5567 1498 5655 necessitatem
1532 5566 1648 5652 iliius
1678 5575 1877 5652 nostram

302 5858 675 5927 praesentaneam
1624 5833 1648 5901 2
