<?xml version="1.0" encoding="UTF-8"?>
<!DOCTYPE html PUBLIC "-//W3C//DTD XHTML 1.0 Transitional//EN"
    "http://www.w3.org/TR/xhtml1/DTD/xhtml1-transitional.dtd">
<html xmlns="http://www.w3.org/1999/xhtml" xml:lang="en" lang="en">
 <head>
  <title>
</title>
<meta http-equiv="Content-Type" content="text/html;charset=utf-8" />
  <meta name='ocr-system' content='tesseract 3.04.00' />
  <meta name='ocr-capabilities' content='ocr_page ocr_carea ocr_par ocr_line ocrx_word'/>
</head>
<body>
  <div class='ocr_page' id='page_1' title='image "./officiaproprias01churgoog_0073.png"; bbox 0 0 4378 6202; ppageno 0'>
   <div class='ocr_carea' id='block_1_1' title="bbox 286 493 1318 584">
    <p class='ocr_par' dir='ltr' id='par_1_1' title="bbox 286 493 1318 584">
     <span class='ocr_line' id='line_1_1' title="bbox 286 493 1318 584; baseline 0.002 -18"><span class='ocrx_word' id='word_1_1' title='bbox 286 493 360 568; x_wconf 69' lang='lat'><strong>10*</strong></span> <span class='ocrx_word' id='word_1_2' title='bbox 974 499 1089 570; x_wconf 88' lang='lat' dir='ltr'><strong>Festa</strong></span> <span class='ocrx_word' id='word_1_3' title='bbox 1111 499 1216 569; x_wconf 88' lang='lat' dir='ltr'><strong>Julii.</strong></span> <span class='ocrx_word' id='word_1_4' title='bbox 1240 499 1318 584; x_wconf 82' lang='lat' dir='ltr'><strong>(ll.)</strong></span> 
     </span>
    </p>
   </div>
   <div class='ocr_carea' id='block_1_2' title="bbox 285 634 2000 1018">
    <p class='ocr_par' dir='ltr' id='par_1_2' title="bbox 285 634 2000 1018">
     <span class='ocr_line' id='line_1_2' title="bbox 285 634 1999 791; baseline 0.001 -22"><span class='ocrx_word' id='word_1_5' title='bbox 285 684 542 791; x_wconf 84' lang='lat' dir='ltr'><strong>exploratus</strong></span> <span class='ocrx_word' id='word_1_6' title='bbox 557 694 635 770; x_wconf 90' lang='lat' dir='ltr'><strong>est.</strong></span> <span class='ocrx_word' id='word_1_7' title='bbox 655 688 801 790; x_wconf 86' lang='lat' dir='ltr'><strong>Atque</strong></span> <span class='ocrx_word' id='word_1_8' title='bbox 814 681 925 770; x_wconf 93' lang='lat' dir='ltr'><strong>illud</strong></span> <span class='ocrx_word' id='word_1_9' title='bbox 939 634 1117 789; x_wconf 87' lang='lat' dir='ltr'><strong>quidem</strong></span> <span class='ocrx_word' id='word_1_10' title='bbox 1167 680 1325 784; x_wconf 88' lang='lat' dir='ltr'><strong>iisdem</strong></span> <span class='ocrx_word' id='word_1_11' title='bbox 1355 681 1472 768; x_wconf 90' lang='lat' dir='ltr'><strong>servi</strong></span> <span class='ocrx_word' id='word_1_12' title='bbox 1500 707 1679 790; x_wconf 90' lang='lat' dir='ltr'><strong>quoque</strong></span> <span class='ocrx_word' id='word_1_13' title='bbox 1708 684 1849 791; x_wconf 86' lang='lat' dir='ltr'><strong>ipsius</strong></span> <span class='ocrx_word' id='word_1_14' title='bbox 1881 684 1999 771; x_wconf 91' lang='lat' dir='ltr'><strong>oble·</strong></span> 
     </span>
     <span class='ocr_line' id='line_1_3' title="bbox 285 793 2000 906; baseline 0.003 -28"><span class='ocrx_word' id='word_1_15' title='bbox 285 798 425 884; x_wconf 88' lang='lat' dir='ltr'><strong>veteri</strong></span> <span class='ocrx_word' id='word_1_16' title='bbox 455 797 553 901; x_wconf 90' lang='lat' dir='ltr'><strong>lege</strong></span> <span class='ocrx_word' id='word_1_17' title='bbox 585 801 891 906; x_wconf 87' lang='lat' dir='ltr'><strong>comparatum</strong></span> <span class='ocrx_word' id='word_1_18' title='bbox 923 805 1034 898; x_wconf 91' lang='lat' dir='ltr'><strong>erat,</strong></span> <span class='ocrx_word' id='word_1_19' title='bbox 1066 807 1117 882; x_wconf 92' lang='lat' dir='ltr'><strong>ut</strong></span> <span class='ocrx_word' id='word_1_20' title='bbox 1169 798 1354 880; x_wconf 90' lang='lat' dir='ltr'><strong>etantur.</strong></span> <span class='ocrx_word' id='word_1_21' title='bbox 1381 793 1549 897; x_wconf 84' lang='lat' dir='ltr'><strong>Quibus</strong></span> <span class='ocrx_word' id='word_1_22' title='bbox 1568 806 1716 883; x_wconf 89' lang='lat' dir='ltr'><strong>autem</strong></span> <span class='ocrx_word' id='word_1_23' title='bbox 1729 797 1852 883; x_wconf 89' lang='lat' dir='ltr'><strong>Deus</strong></span> <span class='ocrx_word' id='word_1_24' title='bbox 1866 796 2000 883; x_wconf 88' lang='lat' dir='ltr'><strong>offen·</strong></span> 
     </span>
     <span class='ocr_line' id='line_1_4' title="bbox 287 905 2000 1018; baseline 0.001 -23"><span class='ocrx_word' id='word_1_25' title='bbox 287 911 485 1018; x_wconf 91' lang='lat' dir='ltr'><strong>quisquis</strong></span> <span class='ocrx_word' id='word_1_26' title='bbox 507 916 730 997; x_wconf 88' lang='lat' dir='ltr'><strong>mortuum</strong></span> <span class='ocrx_word' id='word_1_27' title='bbox 747 910 1017 1015; x_wconf 84' lang='lat' dir='ltr'>contigisset,</span> <span class='ocrx_word' id='word_1_28' title='bbox 1039 910 1116 993; x_wconf 94' lang='lat' dir='ltr'><strong>im·</strong></span> <span class='ocrx_word' id='word_1_29' title='bbox 1169 906 1302 1010; x_wconf 92' lang='lat' dir='ltr'><strong>ditur,</strong></span> <span class='ocrx_word' id='word_1_30' title='bbox 1330 905 1488 993; x_wconf 90' lang='lat' dir='ltr'><strong>iisdem</strong></span> <span class='ocrx_word' id='word_1_31' title='bbox 1513 908 1646 994; x_wconf 90' lang='lat' dir='ltr'><strong>etiam</strong></span> <span class='ocrx_word' id='word_1_32' title='bbox 1671 909 1811 1017; x_wconf 93' lang='lat' dir='ltr'><strong>ipsius</strong></span> <span class='ocrx_word' id='word_1_33' title='bbox 1838 911 2000 997; x_wconf 79' lang='lat' dir='ltr'><strong>milites</strong></span> 
     </span>
    </p>
   </div>
   <div class='ocr_carea' id='block_1_3' title="bbox 284 1019 2160 1126">
    <p class='ocr_par' dir='ltr' id='par_1_3' title="bbox 284 1019 2160 1126">
     <span class='ocr_line' id='line_1_5' title="bbox 284 1019 2160 1126; baseline 0.001 -19"><span class='ocrx_word' id='word_1_34' title='bbox 284 1024 474 1109; x_wconf 82' lang='lat' dir='ltr'><strong>mundus</strong></span> <span class='ocrx_word' id='word_1_35' title='bbox 499 1026 764 1110; x_wconf 89' lang='lat' dir='ltr'><strong>censeretur.</strong></span> <span class='ocrx_word' id='word_1_36' title='bbox 808 1024 977 1110; x_wconf 86' lang='lat' dir='ltr'><strong>Verum</strong></span> <span class='ocrx_word' id='word_1_37' title='bbox 1000 1022 1046 1107; x_wconf 94' lang='lat' dir='ltr'><strong>hi</strong></span> <span class='ocrx_word' id='word_1_38' title='bbox 1071 1022 1117 1105; x_wconf 95' lang='lat' dir='ltr'><strong>in</strong></span> <span class='ocrx_word' id='word_1_39' title='bbox 1170 1019 1464 1106; x_wconf 71' lang='lat' dir='ltr'><strong>offendentur.</strong></span> <span class='ocrx_word' id='word_1_40' title='bbox 1505 1023 1724 1126; x_wconf 86' lang='lat' dir='ltr'><strong>Quocirca</strong></span> <span class='ocrx_word' id='word_1_41' title='bbox 1738 1022 1785 1107; x_wconf 92' lang='lat' dir='ltr'><strong>in</strong></span> <span class='ocrx_word' id='word_1_42' title='bbox 1801 1023 2000 1126; x_wconf 80' lang='lat' dir='ltr'><strong>Psalmis,</strong></span> <span class='ocrx_word' id='word_1_43' title='bbox 2159 1086 2160 1089; x_wconf 14' lang='grc' dir='ltr'><strong><em>κ</em></strong></span> 
     </span>
    </p>
   </div>
   <div class='ocr_carea' id='block_1_4' title="bbox 283 1134 2003 1925">
    <p class='ocr_par' dir='ltr' id='par_1_4' title="bbox 283 1134 2002 1582">
     <span class='ocr_line' id='line_1_6' title="bbox 283 1134 1999 1244; baseline 0.001 -23"><span class='ocrx_word' id='word_1_44' title='bbox 283 1142 560 1223; x_wconf 92' lang='lat' dir='ltr'><strong>mortuorum</strong></span> <span class='ocrx_word' id='word_1_45' title='bbox 595 1143 779 1223; x_wconf 83' lang='lat' dir='ltr'><strong>namero</strong></span> <span class='ocrx_word' id='word_1_46' title='bbox 821 1136 999 1222; x_wconf 86' lang='lat' dir='ltr'><strong>minime</strong></span> <span class='ocrx_word' id='word_1_47' title='bbox 1042 1134 1115 1220; x_wconf 89' lang='lat' dir='ltr'><strong>ha·</strong></span> <span class='ocrx_word' id='word_1_48' title='bbox 1169 1143 1214 1222; x_wconf 90' lang='lat' dir='ltr'><strong>et</strong></span> <span class='ocrx_word' id='word_1_49' title='bbox 1238 1134 1443 1240; x_wconf 90' lang='lat' dir='ltr'><strong>Hymnis,</strong></span> <span class='ocrx_word' id='word_1_50' title='bbox 1470 1146 1514 1221; x_wconf 92' lang='lat' dir='ltr'><strong>et</strong></span> <span class='ocrx_word' id='word_1_51' title='bbox 1538 1135 1739 1222; x_wconf 91' lang='lat' dir='ltr'><strong>cantibus</strong></span> <span class='ocrx_word' id='word_1_52' title='bbox 1765 1137 1999 1244; x_wconf 88' lang='lat' dir='ltr'><strong>spirituali-</strong></span> 
     </span>
     <span class='ocr_line' id='line_1_7' title="bbox 284 1247 2001 1355; baseline 0.001 -20"><span class='ocrx_word' id='word_1_53' title='bbox 284 1248 417 1335; x_wconf 91' lang='lat' dir='ltr'><strong>bendi</strong></span> <span class='ocrx_word' id='word_1_54' title='bbox 444 1260 556 1336; x_wconf 92' lang='lat' dir='ltr'><strong>sunt.</strong></span> <span class='ocrx_word' id='word_1_55' title='bbox 1168 1247 1271 1348; x_wconf 87' lang='lat' dir='ltr'><strong>bus,</strong></span> <span class='ocrx_word' id='word_1_56' title='bbox 1304 1257 1349 1332; x_wconf 92' lang='lat' dir='ltr'><strong>et</strong></span> <span class='ocrx_word' id='word_1_57' title='bbox 1376 1249 1734 1355; x_wconf 89' lang='lat' dir='ltr'><strong>compunctione,</strong></span> <span class='ocrx_word' id='word_1_58' title='bbox 1763 1260 1808 1335; x_wconf 94' lang='lat' dir='ltr'><strong>et</strong></span> <span class='ocrx_word' id='word_1_59' title='bbox 1836 1255 2001 1354; x_wconf 90' lang='lat' dir='ltr'><strong>eorum,</strong></span> 
     </span>
     <span class='ocr_line' id='line_1_8' title="bbox 340 1360 2001 1472; baseline -0.001 -23"><span class='ocrx_word' id='word_1_60' title='bbox 340 1370 390 1472; x_wconf 68' lang='lat' dir='ltr'><strong>Rt·</strong></span> <span class='ocrx_word' id='word_1_61' title='bbox 416 1364 565 1449; x_wconf 85' lang='lat' dir='ltr'><strong>Sancti</strong></span> <span class='ocrx_word' id='word_1_62' title='bbox 583 1362 658 1448; x_wconf 88' lang='lat' dir='ltr'><strong>tui</strong></span> <span class='ocrx_word' id='word_1_63' title='bbox 1170 1362 1245 1467; x_wconf 92' lang='lat' dir='ltr'><strong>qui</strong></span> <span class='ocrx_word' id='word_1_64' title='bbox 1267 1360 1312 1446; x_wconf 91' lang='lat' dir='ltr'><strong>in</strong></span> <span class='ocrx_word' id='word_1_65' title='bbox 1336 1365 1533 1465; x_wconf 88' lang='lat' dir='ltr'><strong>egestate</strong></span> <span class='ocrx_word' id='word_1_66' title='bbox 1551 1365 1797 1465; x_wconf 77' lang='lat' dir='ltr'><strong>versantur,</strong></span> <span class='ocrx_word' id='word_1_67' title='bbox 1823 1365 2001 1448; x_wconf 91' lang='lat' dir='ltr'><strong>commi·</strong></span> 
     </span>
     <span class='ocr_line' id='line_1_9' title="bbox 599 1473 2002 1582; baseline -0.001 -18"><span class='ocrx_word' id='word_1_68' title='bbox 599 1482 752 1565; x_wconf 81' lang='lat' dir='ltr'><strong>Lectio</strong></span> <span class='ocrx_word' id='word_1_69' title='bbox 771 1508 827 1561; x_wconf 77' lang='lat' dir='ltr'><strong>u·</strong></span> <span class='ocrx_word' id='word_1_70' title='bbox 1168 1475 1407 1576; x_wconf 85' lang='lat' dir='ltr'><strong>seratione,</strong></span> <span class='ocrx_word' id='word_1_71' title='bbox 1440 1473 1599 1580; x_wconf 93' lang='lat' dir='ltr'><strong>quibus</strong></span> <span class='ocrx_word' id='word_1_72' title='bbox 1626 1474 1851 1582; x_wconf 91' lang='lat' dir='ltr'><strong>obsequiis</strong></span> <span class='ocrx_word' id='word_1_73' title='bbox 1876 1477 2002 1563; x_wconf 91' lang='lat' dir='ltr'><strong>Deus</strong></span> 
     </span>
    </p>

    <p class='ocr_par' dir='ltr' id='par_1_5' title="bbox 286 1588 2003 1925">
     <span class='ocr_line' id='line_1_10' title="bbox 428 1588 2002 1700; baseline 0.001 -25"><span class='ocrx_word' id='word_1_74' title='bbox 428 1616 517 1698; x_wconf 91' lang='lat' dir='ltr'><strong>quo</strong></span> <span class='ocrx_word' id='word_1_75' title='bbox 550 1591 667 1676; x_wconf 93' lang='lat' dir='ltr'><strong>enim</strong></span> <span class='ocrx_word' id='word_1_76' title='bbox 699 1596 887 1700; x_wconf 84' lang='lat' dir='ltr'><strong>ipsamet</strong></span> <span class='ocrx_word' id='word_1_77' title='bbox 918 1589 1027 1693; x_wconf 85' lang='lat' dir='ltr'><strong>vita,</strong></span> <span class='ocrx_word' id='word_1_78' title='bbox 1064 1617 1116 1677; x_wconf 89' lang='lat' dir='ltr'><strong>ac</strong></span> <span class='ocrx_word' id='word_1_79' title='bbox 1168 1588 1447 1696; x_wconf 86' lang='lat' dir='ltr'><strong>potissimum</strong></span> <span class='ocrx_word' id='word_1_80' title='bbox 1492 1588 1770 1691; x_wconf 89' lang='lat' dir='ltr'><strong>conciliatur,</strong></span> <span class='ocrx_word' id='word_1_81' title='bbox 1816 1591 2002 1676; x_wconf 90' lang='lat' dir='ltr'><strong>Sanctos</strong></span> 
     </span>
     <span class='ocr_line' id='line_1_11' title="bbox 390 1701 2003 1811; baseline 0.001 -24"><span class='ocrx_word' id='word_1_82' title='bbox 390 1704 492 1789; x_wconf 88' lang='lat' dir='ltr'><strong>vitae</strong></span> <span class='ocrx_word' id='word_1_83' title='bbox 508 1706 678 1789; x_wconf 86' lang='lat' dir='ltr'><strong>Auctor</strong></span> <span class='ocrx_word' id='word_1_84' title='bbox 695 1705 1024 1789; x_wconf 89' lang='lat' dir='ltr'><strong>intermortuos</strong></span> <span class='ocrx_word' id='word_1_85' title='bbox 1042 1704 1115 1789; x_wconf 92' lang='lat' dir='ltr'><strong>ad·</strong></span> <span class='ocrx_word' id='word_1_86' title='bbox 1169 1701 1383 1803; x_wconf 89' lang='lat' dir='ltr'><strong>colamus,</strong></span> <span class='ocrx_word' id='word_1_87' title='bbox 1394 1774 1396 1781; x_wconf 90' lang='grc'>.</span> <span class='ocrx_word' id='word_1_88' title='bbox 1407 1705 1575 1787; x_wconf 90' lang='lat' dir='ltr'><strong>statuas</strong></span> <span class='ocrx_word' id='word_1_89' title='bbox 1591 1702 1717 1811; x_wconf 91' lang='lat' dir='ltr'><strong>ipsis,</strong></span> <span class='ocrx_word' id='word_1_90' title='bbox 1736 1728 1788 1788; x_wconf 90' lang='lat' dir='ltr'><strong>ac</strong></span> <span class='ocrx_word' id='word_1_91' title='bbox 1806 1703 2003 1789; x_wconf 84' lang='lat' dir='ltr'><strong>visibiles</strong></span> 
     </span>
     <span class='ocr_line' id='line_1_12' title="bbox 286 1815 2003 1925; baseline 0 -24"><span class='ocrx_word' id='word_1_92' title='bbox 286 1821 476 1923; x_wconf 88' lang='lat' dir='ltr'><strong>scriptus</strong></span> <span class='ocrx_word' id='word_1_93' title='bbox 496 1828 575 1919; x_wconf 91' lang='lat' dir='ltr'><strong>est,</strong></span> <span class='ocrx_word' id='word_1_94' title='bbox 594 1842 684 1919; x_wconf 87' lang='lat' dir='ltr'><strong>eos,</strong></span> <span class='ocrx_word' id='word_1_95' title='bbox 705 1819 779 1925; x_wconf 96' lang='lat' dir='ltr'><strong>qui</strong></span> <span class='ocrx_word' id='word_1_96' title='bbox 796 1817 841 1900; x_wconf 93' lang='lat' dir='ltr'><strong>in</strong></span> <span class='ocrx_word' id='word_1_97' title='bbox 861 1843 940 1924; x_wconf 91' lang='lat' dir='ltr'><strong>spe</strong></span> <span class='ocrx_word' id='word_1_98' title='bbox 953 1817 1114 1901; x_wconf 91' lang='lat' dir='ltr'><strong>Resur-</strong></span> <span class='ocrx_word' id='word_1_99' title='bbox 1168 1815 1380 1918; x_wconf 78' lang='lat' dir='ltr'><strong>imagines</strong></span> <span class='ocrx_word' id='word_1_100' title='bbox 1399 1815 1632 1919; x_wconf 79' lang='lat' dir='ltr'><strong>erigamus,</strong></span> <span class='ocrx_word' id='word_1_101' title='bbox 1654 1816 1744 1901; x_wconf 93' lang='lat' dir='ltr'><strong>imo</strong></span> <span class='ocrx_word' id='word_1_102' title='bbox 1762 1816 1849 1924; x_wconf 90' lang='lat' dir='ltr'><strong>ipsi</strong></span> <span class='ocrx_word' id='word_1_103' title='bbox 1867 1818 2003 1902; x_wconf 81' lang='lat' dir='ltr'><strong>virtri-</strong></span> 
     </span>
    </p>
   </div>
   <div class='ocr_carea' id='block_1_5' title="bbox 285 1928 2165 2036">
    <p class='ocr_par' dir='ltr' id='par_1_6' title="bbox 285 1928 2165 2036">
     <span class='ocr_line' id='line_1_13' title="bbox 285 1928 2165 2036; baseline 0.002 -23"><span class='ocrx_word' id='word_1_104' title='bbox 285 1929 509 2030; x_wconf 85' lang='lat' dir='ltr'><strong>rectionis,</strong></span> <span class='ocrx_word' id='word_1_105' title='bbox 533 1929 711 2036; x_wconf 90' lang='lat' dir='ltr'><strong>fideque</strong></span> <span class='ocrx_word' id='word_1_106' title='bbox 735 1956 839 2035; x_wconf 87' lang='lat' dir='ltr'><strong>erga</strong></span> <span class='ocrx_word' id='word_1_107' title='bbox 858 1955 973 2032; x_wconf 90' lang='lat' dir='ltr'><strong>eum,</strong></span> <span class='ocrx_word' id='word_1_108' title='bbox 998 1929 1116 2016; x_wconf 93' lang='lat' dir='ltr'><strong>diem</strong></span> <span class='ocrx_word' id='word_1_109' title='bbox 1168 1928 1286 2014; x_wconf 89' lang='lat' dir='ltr'><strong>tibus</strong></span> <span class='ocrx_word' id='word_1_110' title='bbox 1310 1933 1464 2014; x_wconf 92' lang='lat' dir='ltr'><strong>eorum</strong></span> <span class='ocrx_word' id='word_1_111' title='bbox 1487 1929 1712 2014; x_wconf 90' lang='lat' dir='ltr'><strong>imitandis</strong></span> <span class='ocrx_word' id='word_1_112' title='bbox 1736 1928 1823 2016; x_wconf 93' lang='lat' dir='ltr'><strong>hoc</strong></span> <span class='ocrx_word' id='word_1_113' title='bbox 1849 1955 2002 2016; x_wconf 91' lang='lat' dir='ltr'><strong>conse·</strong></span> <span class='ocrx_word' id='word_1_114' title='bbox 2164 1941 2165 1947; x_wconf 70' lang='lat'>‘</span> 
     </span>
    </p>
   </div>
   <div class='ocr_carea' id='block_1_6' title="bbox 285 2043 2004 2606">
    <p class='ocr_par' dir='ltr' id='par_1_7' title="bbox 285 2043 2003 2265">
     <span class='ocr_line' id='line_1_14' title="bbox 286 2043 2003 2151; baseline 0.001 -23"><span class='ocrx_word' id='word_1_115' title='bbox 286 2046 530 2128; x_wconf 85' lang='lat' dir='ltr'><strong>extremum</strong></span> <span class='ocrx_word' id='word_1_116' title='bbox 587 2044 858 2146; x_wconf 90' lang='lat' dir='ltr'><strong>clauserunt,</strong></span> <span class='ocrx_word' id='word_1_117' title='bbox 915 2048 1117 2130; x_wconf 91' lang='lat' dir='ltr'><strong>mortuos</strong></span> <span class='ocrx_word' id='word_1_118' title='bbox 1170 2047 1366 2151; x_wconf 88' lang='lat' dir='ltr'><strong>quamur‚</strong></span> <span class='ocrx_word' id='word_1_119' title='bbox 1384 2052 1433 2127; x_wconf 94' lang='lat' dir='ltr'><strong>ut</strong></span> <span class='ocrx_word' id='word_1_120' title='bbox 1445 2043 1559 2127; x_wconf 88' lang='lat' dir='ltr'><strong>vivae</strong></span> <span class='ocrx_word' id='word_1_121' title='bbox 1579 2046 1731 2127; x_wconf 92' lang='lat' dir='ltr'><strong>eorum</strong></span> <span class='ocrx_word' id='word_1_122' title='bbox 1749 2048 1920 2145; x_wconf 86' lang='lat' dir='ltr'><strong>statuae,</strong></span> <span class='ocrx_word' id='word_1_123' title='bbox 1939 2054 2003 2129; x_wconf 92' lang='lat' dir='ltr'><strong>at·</strong></span> 
     </span>
     <span class='ocr_line' id='line_1_15' title="bbox 285 2155 1653 2265; baseline -0.001 -25"><span class='ocrx_word' id='word_1_124' title='bbox 285 2155 628 2262; x_wconf 91' lang='lat' dir='ltr'><strong>haudquaquam</strong></span> <span class='ocrx_word' id='word_1_125' title='bbox 681 2158 969 2265; x_wconf 89' lang='lat' dir='ltr'><strong>appellamus.</strong></span> <span class='ocrx_word' id='word_1_126' title='bbox 1031 2159 1116 2262; x_wconf 90' lang='lat' dir='ltr'><strong>Qui</strong></span> <span class='ocrx_word' id='word_1_127' title='bbox 1171 2181 1256 2262; x_wconf 93' lang='lat' dir='ltr'><strong>que</strong></span> <span class='ocrx_word' id='word_1_128' title='bbox 1274 2155 1487 2259; x_wconf 85' lang='lat' dir='ltr'><strong>imagines</strong></span> <span class='ocrx_word' id='word_1_129' title='bbox 1506 2155 1653 2239; x_wconf 87' lang='lat' dir='ltr'><strong>simus.</strong></span> 
     </span>
    </p>

    <p class='ocr_par' dir='ltr' id='par_1_8' title="bbox 287 2267 1732 2378">
     <span class='ocr_line' id='line_1_16' title="bbox 287 2267 1732 2378; baseline -0.001 -25"><span class='ocrx_word' id='word_1_130' title='bbox 287 2271 402 2353; x_wconf 92' lang='lat' dir='ltr'><strong>enim</strong></span> <span class='ocrx_word' id='word_1_131' title='bbox 440 2274 663 2355; x_wconf 92' lang='lat' dir='ltr'><strong>mortuum</strong></span> <span class='ocrx_word' id='word_1_132' title='bbox 700 2296 862 2378; x_wconf 93' lang='lat' dir='ltr'><strong>corpus</strong></span> <span class='ocrx_word' id='word_1_133' title='bbox 906 2271 1117 2357; x_wconf 91' lang='lat' dir='ltr'><strong>miracula</strong></span> <span class='ocrx_word' id='word_1_134' title='bbox 1223 2270 1275 2375; x_wconf 69' lang='lat' dir='ltr'><strong>ll.</strong></span> <span class='ocrx_word' id='word_1_135' title='bbox 1302 2267 1549 2375; x_wconf 88' lang='lat' dir='ltr'><strong>Tamquam</strong></span> <span class='ocrx_word' id='word_1_136' title='bbox 1568 2290 1732 2353; x_wconf 88' lang='lat' dir='ltr'><strong>aurum.</strong></span> 
     </span>
    </p>

    <p class='ocr_par' dir='ltr' id='par_1_9' title="bbox 287 2380 2004 2606">
     <span class='ocr_line' id='line_1_17' title="bbox 288 2380 2004 2492; baseline 0.001 -25"><span class='ocrx_word' id='word_1_137' title='bbox 288 2381 419 2468; x_wconf 91' lang='lat' dir='ltr'><strong>edere</strong></span> <span class='ocrx_word' id='word_1_138' title='bbox 441 2380 597 2490; x_wconf 83' lang='lat' dir='ltr'><strong>queat?</strong></span> <span class='ocrx_word' id='word_1_139' title='bbox 640 2385 842 2485; x_wconf 92' lang='lat' dir='ltr'><strong>Quonam</strong></span> <span class='ocrx_word' id='word_1_140' title='bbox 859 2388 1008 2492; x_wconf 89' lang='lat' dir='ltr'><strong>itaque</strong></span> <span class='ocrx_word' id='word_1_141' title='bbox 1026 2410 1117 2469; x_wconf 93' lang='lat' dir='ltr'><strong>mo·</strong></span> <span class='ocrx_word' id='word_1_142' title='bbox 1225 2399 1267 2468; x_wconf 82' lang='lat' dir='ltr'><strong>ln</strong></span> <span class='ocrx_word' id='word_1_143' title='bbox 1291 2397 1357 2468; x_wconf 88' lang='lat'>111.</span> <span class='ocrx_word' id='word_1_144' title='bbox 1381 2397 1582 2468; x_wconf 85' lang='lat' dir='ltr'><strong>Nocturno</strong></span> <span class='ocrx_word' id='word_1_145' title='bbox 1611 2396 1754 2467; x_wconf 86' lang='lat' dir='ltr'><strong>Homil.</strong></span> <span class='ocrx_word' id='word_1_146' title='bbox 1785 2397 1825 2465; x_wconf 87' lang='lat' dir='ltr'><strong>in</strong></span> <span class='ocrx_word' id='word_1_147' title='bbox 1853 2397 2004 2486; x_wconf 80' lang='lat' dir='ltr'><strong>Evang.</strong></span> 
     </span>
     <span class='ocr_line' id='line_1_18' title="bbox 287 2494 1976 2606; baseline -0.001 -39"><span class='ocrx_word' id='word_1_148' title='bbox 287 2494 346 2580; x_wconf 85' lang='lat' dir='ltr'><strong>do</strong></span> <span class='ocrx_word' id='word_1_149' title='bbox 378 2522 459 2603; x_wconf 78' lang='lat' dir='ltr'><strong>per</strong></span> <span class='ocrx_word' id='word_1_150' title='bbox 492 2522 545 2581; x_wconf 80' lang='lat' dir='ltr'><strong>ea</strong></span> <span class='ocrx_word' id='word_1_151' title='bbox 576 2495 802 2584; x_wconf 72' lang='lat' dir='ltr'><strong>daemones</strong></span> <span class='ocrx_word' id='word_1_152' title='bbox 831 2498 1118 2606; x_wconf 58' lang='lat' dir='ltr'><strong>expellantur,</strong></span> <span class='ocrx_word' id='word_1_153' title='bbox 1170 2495 1422 2568; x_wconf 81' lang='lat' dir='ltr'><strong>Descendens</strong></span> <span class='ocrx_word' id='word_1_154' title='bbox 1445 2495 1573 2568; x_wconf 88' lang='lat' dir='ltr'><strong>Jesus.</strong></span> <span class='ocrx_word' id='word_1_155' title='bbox 1596 2494 1644 2563; x_wconf 89' lang='lat' dir='ltr'><strong>de</strong></span> <span class='ocrx_word' id='word_1_156' title='bbox 1667 2494 1805 2564; x_wconf 91' lang='lat' dir='ltr'><strong>eodem</strong></span> <span class='ocrx_word' id='word_1_157' title='bbox 1829 2494 1976 2566; x_wconf 87' lang='lat' dir='ltr'><strong>Comm.</strong></span> 
     </span>
    </p>
   </div>
   <div class='ocr_carea' id='block_1_7' title="bbox 286 2611 1729 2741">
    <p class='ocr_par' dir='ltr' id='par_1_10' title="bbox 286 2611 1729 2741">
     <span class='ocr_line' id='line_1_19' title="bbox 286 2611 1729 2741; baseline 0.019 -49"><span class='ocrx_word' id='word_1_158' title='bbox 286 2611 430 2695; x_wconf 91' lang='lat' dir='ltr'><strong>morbi</strong></span> <span class='ocrx_word' id='word_1_159' title='bbox 452 2611 762 2718; x_wconf 90' lang='lat' dir='ltr'><strong>profligantur,</strong></span> <span class='ocrx_word' id='word_1_160' title='bbox 785 2612 942 2716; x_wconf 84' lang='lat' dir='ltr'><strong>aegroti</strong></span> <span class='ocrx_word' id='word_1_161' title='bbox 965 2618 1117 2699; x_wconf 90' lang='lat' dir='ltr'><strong>sanan·</strong></span> <span class='ocrx_word' id='word_1_162' title='bbox 1440 2655 1525 2740; x_wconf 63' lang='lat' dir='ltr'><strong>Die</strong></span> <span class='ocrx_word' id='word_1_163' title='bbox 1543 2657 1595 2740; x_wconf 64' lang='lat'><strong>11,</strong></span> <span class='ocrx_word' id='word_1_164' title='bbox 1614 2655 1729 2741; x_wconf 72' lang='lat' dir='ltr'><strong>Juffi,</strong></span> 
     </span>
    </p>
   </div>
   <div class='ocr_carea' id='block_1_8' title="bbox 286 2724 2007 3002">
    <p class='ocr_par' dir='ltr' id='par_1_11' title="bbox 286 2724 2007 3002">
     <span class='ocr_line' id='line_1_20' title="bbox 286 2724 2007 3002; baseline 0.021 -81"><span class='ocrx_word' id='word_1_165' title='bbox 286 2733 797 2940; x_wconf 46' lang='lat' dir='ltr'><strong>illibatae?</strong></span> <span class='ocrx_word' id='word_1_166' title='bbox 815 2724 1119 2927; x_wconf 58' lang='lat' dir='ltr'><strong>liliola</strong></span> <span class='ocrx_word' id='word_1_167' title='bbox 1169 2781 2007 3002; x_wconf 46' lang='lat' dir='ltr'><strong>Bqssffigssffffflfflffi</strong></span> 
     </span>
    </p>
   </div>
   <div class='ocr_carea' id='block_1_9' title="bbox 285 2948 1674 3739">
    <p class='ocr_par' dir='ltr' id='par_1_12' title="bbox 285 2948 1674 3739">
     <span class='ocr_line' id='line_1_21' title="bbox 287 2948 1665 3087; baseline 0.007 -52"><span class='ocrx_word' id='word_1_168' title='bbox 287 2948 592 3053; x_wconf 87' lang='lat' dir='ltr'><strong>discutiuntur,</strong></span> <span class='ocrx_word' id='word_1_169' title='bbox 611 2977 664 3038; x_wconf 89' lang='lat' dir='ltr'><strong>ac</strong></span> <span class='ocrx_word' id='word_1_170' title='bbox 682 2950 874 3059; x_wconf 91' lang='lat' dir='ltr'><strong>denique</strong></span> <span class='ocrx_word' id='word_1_171' title='bbox 894 2978 1023 3039; x_wconf 92' lang='lat' dir='ltr'><strong>omne</strong></span> <span class='ocrx_word' id='word_1_172' title='bbox 1043 2955 1118 3040; x_wconf 93' lang='lat' dir='ltr'><strong>do·</strong></span> <span class='ocrx_word' id='word_1_173' title='bbox 1508 3017 1570 3086; x_wconf 89' lang='lat' dir='ltr'><strong>Du</strong></span> <span class='ocrx_word' id='word_1_174' title='bbox 1600 3017 1665 3087; x_wconf 82' lang='lat' dir='ltr'><strong>lex</strong></span> 
     </span>
     <span class='ocr_line' id='line_1_22' title="bbox 285 3039 1674 3174; baseline 0.008 -27"><span class='ocrx_word' id='word_1_175' title='bbox 285 3091 390 3149; x_wconf 93' lang='lat' dir='ltr'><strong>num</strong></span> <span class='ocrx_word' id='word_1_176' title='bbox 424 3065 642 3171; x_wconf 91' lang='lat' dir='ltr'><strong>optimum</strong></span> <span class='ocrx_word' id='word_1_177' title='bbox 677 3092 703 3150; x_wconf 89' lang='lat' dir='ltr'><strong>a</strong></span> <span class='ocrx_word' id='word_1_178' title='bbox 734 3066 866 3151; x_wconf 89' lang='lat' dir='ltr'><strong>Patre</strong></span> <span class='ocrx_word' id='word_1_179' title='bbox 895 3065 1119 3174; x_wconf 83' lang='lat' dir='ltr'><strong>luminum,</strong></span> <span class='ocrx_word' id='word_1_180' title='bbox 1572 3039 1597 3106; x_wconf 74' lang='lat' dir='ltr'>p</span> <span class='ocrx_word' id='word_1_181' title='bbox 1668 3073 1674 3087; x_wconf 90' lang='lat'>&#39;</span> 
     </span>
     <span class='ocr_line' id='line_1_23' title="bbox 287 3177 1119 3288; baseline 0.006 -24"><span class='ocrx_word' id='word_1_182' title='bbox 287 3182 442 3264; x_wconf 87' lang='lat' dir='ltr'><strong>eorum</strong></span> <span class='ocrx_word' id='word_1_183' title='bbox 467 3182 604 3288; x_wconf 89' lang='lat' dir='ltr'><strong>opera</strong></span> <span class='ocrx_word' id='word_1_184' title='bbox 629 3177 688 3265; x_wconf 94' lang='lat' dir='ltr'><strong>ad</strong></span> <span class='ocrx_word' id='word_1_185' title='bbox 711 3203 807 3283; x_wconf 92' lang='lat' dir='ltr'><strong>eos,</strong></span> <span class='ocrx_word' id='word_1_186' title='bbox 831 3179 906 3285; x_wconf 94' lang='lat' dir='ltr'><strong>qui</strong></span> <span class='ocrx_word' id='word_1_187' title='bbox 930 3180 1020 3267; x_wconf 87' lang='lat' dir='ltr'><strong>fide</strong></span> <span class='ocrx_word' id='word_1_188' title='bbox 1042 3187 1119 3268; x_wconf 91' lang='lat' dir='ltr'><strong>mi·</strong></span> 
     </span>
     <span class='ocr_line' id='line_1_24' title="bbox 286 3290 1118 3399; baseline 0.006 -24"><span class='ocrx_word' id='word_1_189' title='bbox 286 3293 403 3377; x_wconf 87' lang='lat' dir='ltr'><strong>nime</strong></span> <span class='ocrx_word' id='word_1_190' title='bbox 431 3290 566 3378; x_wconf 85' lang='lat' dir='ltr'><strong>dubia</strong></span> <span class='ocrx_word' id='word_1_191' title='bbox 593 3292 837 3399; x_wconf 93' lang='lat' dir='ltr'><strong>postulant,</strong></span> <span class='ocrx_word' id='word_1_192' title='bbox 865 3293 1118 3383; x_wconf 79' lang='lat' dir='ltr'><strong>descendit?</strong></span> 
     </span>
     <span class='ocr_line' id='line_1_25' title="bbox 288 3404 1119 3514; baseline 0.011 -27"><span class='ocrx_word' id='word_1_193' title='bbox 288 3404 404 3508; x_wconf 92' lang='lat' dir='ltr'><strong>Quid</strong></span> <span class='ocrx_word' id='word_1_194' title='bbox 422 3431 511 3490; x_wconf 92' lang='lat' dir='ltr'><strong>non</strong></span> <span class='ocrx_word' id='word_1_195' title='bbox 534 3405 701 3492; x_wconf 89' lang='lat' dir='ltr'><strong>laboris</strong></span> <span class='ocrx_word' id='word_1_196' title='bbox 720 3408 951 3514; x_wconf 89' lang='lat' dir='ltr'><strong>suscipias,</strong></span> <span class='ocrx_word' id='word_1_197' title='bbox 975 3420 1024 3495; x_wconf 99' lang='lat' dir='ltr'><strong>ut</strong></span> <span class='ocrx_word' id='word_1_198' title='bbox 1040 3409 1119 3496; x_wconf 95' lang='lat' dir='ltr'><strong>Pa·</strong></span> 
     </span>
     <span class='ocr_line' id='line_1_26' title="bbox 285 3519 1120 3630; baseline 0.005 -26"><span class='ocrx_word' id='word_1_199' title='bbox 285 3522 462 3604; x_wconf 91' lang='lat' dir='ltr'><strong>tronum</strong></span> <span class='ocrx_word' id='word_1_200' title='bbox 486 3519 723 3626; x_wconf 91' lang='lat' dir='ltr'><strong>quemdam</strong></span> <span class='ocrx_word' id='word_1_201' title='bbox 740 3522 1020 3625; x_wconf 91' lang='lat' dir='ltr'><strong>nanciscaris,</strong></span> <span class='ocrx_word' id='word_1_202' title='bbox 1045 3524 1120 3630; x_wconf 93' lang='lat' dir='ltr'><strong>qui</strong></span> 
     </span>
     <span class='ocr_line' id='line_1_27' title="bbox 285 3632 1117 3739; baseline 0.007 -22"><span class='ocrx_word' id='word_1_203' title='bbox 285 3640 330 3717; x_wconf 90' lang='lat' dir='ltr'><strong>te</strong></span> <span class='ocrx_word' id='word_1_204' title='bbox 348 3633 526 3719; x_wconf 91' lang='lat' dir='ltr'><strong>mortali</strong></span> <span class='ocrx_word' id='word_1_205' title='bbox 543 3634 657 3739; x_wconf 92' lang='lat' dir='ltr'><strong>Regi</strong></span> <span class='ocrx_word' id='word_1_206' title='bbox 677 3632 844 3736; x_wconf 88' lang='lat' dir='ltr'><strong>offerat,</strong></span> <span class='ocrx_word' id='word_1_207' title='bbox 870 3658 921 3719; x_wconf 90' lang='lat' dir='ltr'><strong>ac</strong></span> <span class='ocrx_word' id='word_1_208' title='bbox 945 3643 1024 3720; x_wconf 88' lang='lat' dir='ltr'><strong>tuo</strong></span> <span class='ocrx_word' id='word_1_209' title='bbox 1044 3642 1117 3723; x_wconf 93' lang='lat' dir='ltr'><strong>no-</strong></span> 
     </span>
    </p>
   </div>
   <div class='ocr_carea' id='block_1_10' title="bbox 285 3745 2003 3968">
    <p class='ocr_par' dir='ltr' id='par_1_13' title="bbox 285 3745 2003 3968">
     <span class='ocr_line' id='line_1_28' title="bbox 285 3745 1565 3836; baseline 0.006 -8"><span class='ocrx_word' id='word_1_210' title='bbox 285 3745 401 3830; x_wconf 92' lang='lat' dir='ltr'><strong>mine</strong></span> <span class='ocrx_word' id='word_1_211' title='bbox 421 3746 478 3831; x_wconf 89' lang='lat' dir='ltr'><strong>ad</strong></span> <span class='ocrx_word' id='word_1_212' title='bbox 497 3771 597 3831; x_wconf 87' lang='lat' dir='ltr'><strong>eum</strong></span> <span class='ocrx_word' id='word_1_213' title='bbox 612 3746 747 3833; x_wconf 84' lang='lat' dir='ltr'><strong>verba</strong></span> <span class='ocrx_word' id='word_1_214' title='bbox 761 3745 915 3834; x_wconf 79' lang='lat' dir='ltr'><strong>faciat?</strong></span> <span class='ocrx_word' id='word_1_215' title='bbox 944 3750 1119 3834; x_wconf 91' lang='lat' dir='ltr'><strong>Annon</strong></span> <span class='ocrx_word' id='word_1_216' title='bbox 1217 3817 1226 3834; x_wconf 94' lang='lat'><strong>.</strong></span> <span class='ocrx_word' id='word_1_217' title='bbox 1364 3816 1388 3835; x_wconf 89' lang='lat'><strong>..</strong></span> <span class='ocrx_word' id='word_1_218' title='bbox 1556 3817 1565 3836; x_wconf 92' lang='lat'><strong>.</strong></span> 
     </span>
     <span class='ocr_line' id='line_1_29' title="bbox 285 3817 2003 3968; baseline 0.003 -71"><span class='ocrx_word' id='word_1_219' title='bbox 285 3861 417 3964; x_wconf 59' lang='lat' dir='ltr'><strong>igitur</strong></span> <span class='ocrx_word' id='word_1_220' title='bbox 435 3859 481 3944; x_wconf 69' lang='lat' dir='ltr'><strong>hi</strong></span> <span class='ocrx_word' id='word_1_221' title='bbox 494 3860 742 3947; x_wconf 51' lang='lat' dir='ltr'>honorgmdi</span> <span class='ocrx_word' id='word_1_222' title='bbox 761 3872 872 3964; x_wconf 50' lang='lat' dir='ltr'>sunt,</span> <span class='ocrx_word' id='word_1_223' title='bbox 892 3864 967 3968; x_wconf 68' lang='lat' dir='ltr'><strong>qui</strong></span> <span class='ocrx_word' id='word_1_224' title='bbox 984 3869 1119 3949; x_wconf 58' lang='lat' dir='ltr'>totius</span> <span class='ocrx_word' id='word_1_225' title='bbox 1170 3817 1392 3902; x_wconf 86' lang='lat' dir='ltr'><strong>Vrncentu</strong></span> <span class='ocrx_word' id='word_1_226' title='bbox 1408 3827 1453 3902; x_wconf 90' lang='lat' dir='ltr'><strong>et</strong></span> <span class='ocrx_word' id='word_1_227' title='bbox 1464 3818 1696 3902; x_wconf 75' lang='lat' dir='ltr'><strong>Sociorum</strong></span> <span class='ocrx_word' id='word_1_228' title='bbox 1711 3819 1915 3924; x_wconf 86' lang='lat' dir='ltr'><strong>exemplo</strong></span> <span class='ocrx_word' id='word_1_229' title='bbox 1931 3843 2003 3903; x_wconf 83' lang='lat' dir='ltr'><strong>ex·</strong></span> 
     </span>
    </p>
   </div>
   <div class='ocr_carea' id='block_1_11' title="bbox 248 3929 2006 4200">
    <p class='ocr_par' dir='ltr' id='par_1_14' title="bbox 248 3929 2006 4200">
     <span class='ocr_line' id='line_1_30' title="bbox 248 3929 2006 4086; baseline -0.009 -30"><span class='ocrx_word' id='word_1_230' title='bbox 248 4052 251 4056; x_wconf 84' lang='grc'>,</span> <span class='ocrx_word' id='word_1_231' title='bbox 286 3973 464 4057; x_wconf 91' lang='lat' dir='ltr'><strong>humani</strong></span> <span class='ocrx_word' id='word_1_232' title='bbox 486 3976 659 4078; x_wconf 91' lang='lat' dir='ltr'><strong>generis</strong></span> <span class='ocrx_word' id='word_1_233' title='bbox 677 3976 897 4062; x_wconf 88' lang='lat' dir='ltr'><strong>Patronos</strong></span> <span class='ocrx_word' id='word_1_234' title='bbox 920 4003 969 4063; x_wconf 89' lang='lat' dir='ltr'><strong>se</strong></span> <span class='ocrx_word' id='word_1_235' title='bbox 987 3979 1119 4086; x_wconf 91' lang='lat' dir='ltr'><strong>profi·</strong></span> <span class='ocrx_word' id='word_1_236' title='bbox 1172 3931 1314 4067; x_wconf 55' lang='lat' dir='ltr'>cifffl’</span> <span class='ocrx_word' id='word_1_237' title='bbox 1347 3929 1493 4014; x_wconf 52' lang='lat' dir='ltr'><strong>Omnia</strong></span> <span class='ocrx_word' id='word_1_238' title='bbox 1524 3930 1674 4060; x_wconf 42' lang='lat' dir='ltr'><strong>pitius</strong></span> <span class='ocrx_word' id='word_1_239' title='bbox 1702 3930 1817 4063; x_wconf 62' lang='lat' dir='ltr'><strong>mal?</strong></span> <span class='ocrx_word' id='word_1_240' title='bbox 1843 3931 1887 4014; x_wconf 69' lang='lat' dir='ltr'><strong>in</strong></span> <span class='ocrx_word' id='word_1_241' title='bbox 1916 3930 2006 4018; x_wconf 64' lang='lat'>¹¹00</span> 
     </span>
     <span class='ocr_line' id='line_1_31' title="bbox 287 4043 2005 4200; baseline -0.012 -51"><span class='ocrx_word' id='word_1_242' title='bbox 287 4090 449 4188; x_wconf 58' lang='lat' dir='ltr'><strong>tgntur,</strong></span> <span class='ocrx_word' id='word_1_243' title='bbox 477 4113 530 4172; x_wconf 57' lang='grc' dir='ltr'><strong>ἃς</strong></span> <span class='ocrx_word' id='word_1_244' title='bbox 555 4089 652 4174; x_wconf 66' lang='lat' dir='ltr'><strong>Deo</strong></span> <span class='ocrx_word' id='word_1_245' title='bbox 680 4099 833 4175; x_wconf 60' lang='lat' dir='ltr'>nostra</span> <span class='ocrx_word' id='word_1_246' title='bbox 858 4115 992 4175; x_wconf 64' lang='lat' dir='ltr'>causa</span> <span class='ocrx_word' id='word_1_247' title='bbox 1019 4099 1119 4200; x_wconf 89' lang='lat' dir='ltr'><strong>sup·</strong></span> <span class='ocrx_word' id='word_1_248' title='bbox 1171 4043 1348 4145; x_wconf 88' lang='lat' dir='ltr'><strong>saeculo,</strong></span> <span class='ocrx_word' id='word_1_249' title='bbox 1368 4069 1499 4150; x_wconf 91' lang='lat' dir='ltr'><strong>quam</strong></span> <span class='ocrx_word' id='word_1_250' title='bbox 1515 4047 1674 4129; x_wconf 85' lang='lat' dir='ltr'><strong>anrmae</strong></span> <span class='ocrx_word' id='word_1_251' title='bbox 1692 4043 2005 4137; x_wconf 86' lang='lat' dir='ltr'><strong>detrrmentum</strong></span> 
     </span>
    </p>
   </div>
   <div class='ocr_carea' id='block_1_12' title="bbox 286 4156 1778 4307">
    <p class='ocr_par' dir='ltr' id='par_1_15' title="bbox 286 4156 1778 4307">
     <span class='ocr_line' id='line_1_32' title="bbox 286 4156 1778 4307; baseline -0.019 -40"><span class='ocrx_word' id='word_1_252' title='bbox 286 4197 479 4307; x_wconf 67' lang='lat' dir='ltr'><strong>plicant?</strong></span> <span class='ocrx_word' id='word_1_253' title='bbox 1170 4156 1398 4261; x_wconf 88' lang='lat' dir='ltr'><strong>patiamur.</strong></span> <span class='ocrx_word' id='word_1_254' title='bbox 1424 4156 1509 4242; x_wconf 92' lang='lat' dir='ltr'><strong>Per</strong></span> <span class='ocrx_word' id='word_1_255' title='bbox 1528 4157 1778 4242; x_wconf 91' lang='lat' dir='ltr'><strong>Dominum.</strong></span> 
     </span>
    </p>
   </div>
   <div class='ocr_carea' id='block_1_13' title="bbox 286 4277 2083 5675">
    <p class='ocr_par' dir='ltr' id='par_1_16' title="bbox 286 4277 2083 5675">
     <span class='ocr_line' id='line_1_33' title="bbox 344 4277 2003 4510; baseline 0.001 -67"><span class='ocrx_word' id='word_1_256' title='bbox 344 4319 394 4417; x_wconf 72' lang='lat' dir='ltr'><strong>n</strong></span> <span class='ocrx_word' id='word_1_257' title='bbox 416 4311 899 4510; x_wconf 63' lang='lat' dir='ltr'><strong>vebqeapuum·</strong></span> <span class='ocrx_word' id='word_1_258' title='bbox 1169 4277 1809 4462; x_wconf 52' lang='lat' dir='ltr'><strong>residuumque.</strong></span> <span class='ocrx_word' id='word_1_259' title='bbox 1831 4277 2003 4444; x_wconf 58' lang='lat' dir='ltr'><strong>{rau</strong></span> 
     </span>
     <span class='ocr_line' id='line_1_34' title="bbox 632 4454 1736 4513; baseline 0.003 -2"><span class='ocrx_word' id='word_1_260' title='bbox 632 4454 682 4511; x_wconf 68' lang='lat' dir='ltr'><strong>OC</strong></span> <span class='ocrx_word' id='word_1_261' title='bbox 702 4454 746 4512; x_wconf 92' lang='grc'><strong>10</strong></span> <span class='ocrx_word' id='word_1_262' title='bbox 764 4457 817 4513; x_wconf 91' lang='lat' dir='ltr'><strong>vl.</strong></span> <span class='ocrx_word' id='word_1_263' title='bbox 1734 4456 1736 4462; x_wconf 53' lang='lat'><strong>⁴</strong></span> 
     </span>
     <span class='ocr_line' id='line_1_35' title="bbox 289 4522 1770 4749; baseline 0.005 -124"><span class='ocrx_word' id='word_1_264' title='bbox 289 4536 601 4749; x_wconf 88' lang='lat' dir='ltr'><strong>Honorandi</strong></span> <span class='ocrx_word' id='word_1_265' title='bbox 624 4552 759 4629; x_wconf 89' lang='lat' dir='ltr'><strong>certe:</strong></span> <span class='ocrx_word' id='word_1_266' title='bbox 784 4553 830 4628; x_wconf 93' lang='lat' dir='ltr'><strong>et</strong></span> <span class='ocrx_word' id='word_1_267' title='bbox 850 4541 1028 4650; x_wconf 92' lang='lat' dir='ltr'><strong>quidem</strong></span> <span class='ocrx_word' id='word_1_268' title='bbox 1045 4543 1118 4649; x_wconf 88' lang='lat' dir='ltr'><strong>ita,</strong></span> <span class='ocrx_word' id='word_1_269' title='bbox 1407 4522 1770 4604; x_wconf 63' lang='lat' dir='ltr'>1⁰11·N⁰⁰t¹¹1&#39;110·</span> 
     </span>
     <span class='ocr_line' id='line_1_36' title="bbox 407 4652 1703 4745; baseline 0.007 -7"><span class='ocrx_word' id='word_1_270' title='bbox 407 4654 691 4741; x_wconf 90' lang='lat' dir='ltr'><strong>utineorum</strong></span> <span class='ocrx_word' id='word_1_271' title='bbox 708 4657 884 4743; x_wconf 92' lang='lat' dir='ltr'><strong>nomine</strong></span> <span class='ocrx_word' id='word_1_272' title='bbox 898 4661 997 4744; x_wconf 90' lang='lat' dir='ltr'><strong>Deo</strong></span> <span class='ocrx_word' id='word_1_273' title='bbox 1012 4669 1118 4745; x_wconf 89' lang='lat' dir='ltr'><strong>tem·</strong></span> <span class='ocrx_word' id='word_1_274' title='bbox 1467 4652 1622 4736; x_wconf 80' lang='lat' dir='ltr'><strong>Lectio</strong></span> <span class='ocrx_word' id='word_1_275' title='bbox 1650 4652 1703 4735; x_wconf 84' lang='lat' dir='ltr'><strong>iv·</strong></span> 
     </span>
     <span class='ocr_line' id='line_1_37' title="bbox 287 4769 2002 4905; baseline 0.005 -53"><span class='ocrx_word' id='word_1_276' title='bbox 287 4769 361 4876; x_wconf 89' lang='lat' dir='ltr'><strong>pla</strong></span> <span class='ocrx_word' id='word_1_277' title='bbox 395 4774 691 4871; x_wconf 86' lang='lat' dir='ltr'><strong>exstruamus,</strong></span> <span class='ocrx_word' id='word_1_278' title='bbox 722 4769 840 4857; x_wconf 88' lang='lat' dir='ltr'><strong>dona</strong></span> <span class='ocrx_word' id='word_1_279' title='bbox 872 4772 1118 4876; x_wconf 85' lang='lat' dir='ltr'><strong>offeramus,</strong></span> <span class='ocrx_word' id='word_1_280' title='bbox 1185 4807 1221 4891; x_wconf 61' lang='lat'><strong>53</strong></span> <span class='ocrx_word' id='word_1_281' title='bbox 1261 4804 1308 4905; x_wconf 99' lang='grc' dir='ltr'>Χ</span> <span class='ocrx_word' id='word_1_282' title='bbox 1325 4783 1427 4860; x_wconf 85' lang='lat' dir='ltr'><strong>trox</strong></span> <span class='ocrx_word' id='word_1_283' title='bbox 1453 4772 1537 4871; x_wconf 68' lang='lat' dir='ltr'><strong>illa,</strong></span> <span class='ocrx_word' id='word_1_284' title='bbox 1555 4784 1601 4859; x_wconf 92' lang='lat' dir='ltr'><strong>et</strong></span> <span class='ocrx_word' id='word_1_285' title='bbox 1626 4773 1830 4858; x_wconf 91' lang='lat' dir='ltr'><strong>immanis</strong></span> <span class='ocrx_word' id='word_1_286' title='bbox 1854 4800 2002 4883; x_wconf 90' lang='lat' dir='ltr'><strong>perse·</strong></span> 
     </span>
     <span class='ocr_line' id='line_1_38' title="bbox 288 4885 2003 5026; baseline 0.005 -60"><span class='ocrx_word' id='word_1_287' title='bbox 288 4886 441 4967; x_wconf 93' lang='lat' dir='ltr'><strong>eorum</strong></span> <span class='ocrx_word' id='word_1_288' title='bbox 466 4885 724 4969; x_wconf 84' lang='lat' dir='ltr'><strong>memoriam</strong></span> <span class='ocrx_word' id='word_1_289' title='bbox 747 4886 961 4988; x_wconf 90' lang='lat' dir='ltr'><strong>colamus,</strong></span> <span class='ocrx_word' id='word_1_290' title='bbox 986 4896 1119 4992; x_wconf 89' lang='lat' dir='ltr'><strong>atque</strong></span> <span class='ocrx_word' id='word_1_291' title='bbox 1188 4890 1265 5026; x_wconf 58' lang='lat' dir='ltr'><strong>ss,</strong></span> <span class='ocrx_word' id='word_1_292' title='bbox 1282 4910 1293 4950; x_wconf 51' lang='lat' dir='ltr'><strong>l</strong></span> <span class='ocrx_word' id='word_1_293' title='bbox 1343 4889 1479 4991; x_wconf 81' lang='lat' dir='ltr'><strong>cirtio,</strong></span> <span class='ocrx_word' id='word_1_294' title='bbox 1504 4912 1604 4993; x_wconf 84' lang='lat' dir='ltr'><strong>quae</strong></span> <span class='ocrx_word' id='word_1_295' title='bbox 1628 4886 1793 4973; x_wconf 62' lang='lat' dir='ltr'><strong>sae‘culo</strong></span> <span class='ocrx_word' id='word_1_296' title='bbox 1813 4895 2003 4974; x_wconf 76' lang='lat' dir='ltr'><strong>creante</strong></span> 
     </span>
     <span class='ocr_line' id='line_1_39' title="bbox 287 4995 2002 5109; baseline 0.004 -29"><span class='ocrx_word' id='word_1_297' title='bbox 287 4995 332 5080; x_wconf 91' lang='lat' dir='ltr'><strong>in</strong></span> <span class='ocrx_word' id='word_1_298' title='bbox 349 5020 402 5081; x_wconf 89' lang='lat' dir='ltr'><strong>ea</strong></span> <span class='ocrx_word' id='word_1_299' title='bbox 421 4997 706 5104; x_wconf 88' lang='lat' dir='ltr'><strong>spiritualiter</strong></span> <span class='ocrx_word' id='word_1_300' title='bbox 724 4999 1010 5087; x_wconf 90' lang='lat' dir='ltr'><strong>oblectemur:</strong></span> <span class='ocrx_word' id='word_1_301' title='bbox 1029 5026 1118 5107; x_wconf 94' lang='lat' dir='ltr'><strong>quo</strong></span> <span class='ocrx_word' id='word_1_302' title='bbox 1344 5000 1646 5087; x_wconf 80' lang='lat' dir='ltr'><strong>decimosexto</strong></span> <span class='ocrx_word' id='word_1_303' title='bbox 1666 5005 1711 5085; x_wconf 92' lang='lat' dir='ltr'><strong>in</strong></span> <span class='ocrx_word' id='word_1_304' title='bbox 1723 5002 1749 5085; x_wconf 85' lang='lat' dir='ltr'>J</span> <span class='ocrx_word' id='word_1_305' title='bbox 1752 5003 1913 5109; x_wconf 87' lang='lat' dir='ltr'><strong>aponia</strong></span> <span class='ocrx_word' id='word_1_306' title='bbox 1927 5001 2002 5089; x_wconf 92' lang='lat' dir='ltr'><strong>ob·</strong></span> 
     </span>
     <span class='ocr_line' id='line_1_40' title="bbox 288 5111 2002 5220; baseline 0.005 -27"><span class='ocrx_word' id='word_1_307' title='bbox 288 5111 493 5195; x_wconf 86' lang='lat' dir='ltr'><strong>nimirum</strong></span> <span class='ocrx_word' id='word_1_308' title='bbox 509 5112 661 5198; x_wconf 88' lang='lat' dir='ltr'><strong>laetitia</strong></span> <span class='ocrx_word' id='word_1_309' title='bbox 679 5123 832 5198; x_wconf 90' lang='lat' dir='ltr'><strong>nostra</strong></span> <span class='ocrx_word' id='word_1_310' title='bbox 849 5113 904 5197; x_wconf 89' lang='lat' dir='ltr'><strong>iis</strong></span> <span class='ocrx_word' id='word_1_311' title='bbox 918 5139 944 5197; x_wconf 91' lang='lat' dir='ltr'><strong>a</strong></span> <span class='ocrx_word' id='word_1_312' title='bbox 959 5113 1118 5220; x_wconf 92' lang='lat' dir='ltr'><strong>quibus</strong></span> <span class='ocrx_word' id='word_1_313' title='bbox 1171 5119 1268 5201; x_wconf 86' lang='lat' dir='ltr'><strong>orta</strong></span> <span class='ocrx_word' id='word_1_314' title='bbox 1287 5124 1365 5217; x_wconf 90' lang='lat' dir='ltr'><strong>est,</strong></span> <span class='ocrx_word' id='word_1_315' title='bbox 1384 5113 1688 5201; x_wconf 89' lang='lat' dir='ltr'><strong>vehementior</strong></span> <span class='ocrx_word' id='word_1_316' title='bbox 1705 5115 1749 5198; x_wconf 92' lang='lat' dir='ltr'><strong>in</strong></span> <span class='ocrx_word' id='word_1_317' title='bbox 1764 5115 1861 5201; x_wconf 87' lang='lat' dir='ltr'><strong>dies</strong></span> <span class='ocrx_word' id='word_1_318' title='bbox 1879 5119 2002 5201; x_wconf 84' lang='lat' dir='ltr'><strong>exar-</strong></span> 
     </span>
     <span class='ocr_line' id='line_1_41' title="bbox 286 5224 2002 5335; baseline 0.004 -28"><span class='ocrx_word' id='word_1_319' title='bbox 286 5224 538 5324; x_wconf 89' lang='lat' dir='ltr'><strong>invitamur,</strong></span> <span class='ocrx_word' id='word_1_320' title='bbox 562 5229 793 5330; x_wconf 88' lang='lat' dir='ltr'><strong>congruat;</strong></span> <span class='ocrx_word' id='word_1_321' title='bbox 816 5251 868 5311; x_wconf 90' lang='lat' dir='ltr'><strong>ac</strong></span> <span class='ocrx_word' id='word_1_322' title='bbox 885 5252 988 5328; x_wconf 92' lang='lat' dir='ltr'><strong>non,</strong></span> <span class='ocrx_word' id='word_1_323' title='bbox 1013 5225 1118 5313; x_wconf 91' lang='lat' dir='ltr'><strong>dum</strong></span> <span class='ocrx_word' id='word_1_324' title='bbox 1169 5228 1236 5315; x_wconf 84' lang='lat' dir='ltr'><strong>sit</strong></span> <span class='ocrx_word' id='word_1_325' title='bbox 1276 5228 1485 5331; x_wconf 86' lang='lat' dir='ltr'><strong>Quamvis</strong></span> <span class='ocrx_word' id='word_1_326' title='bbox 1508 5228 1625 5314; x_wconf 91' lang='lat' dir='ltr'><strong>enim</strong></span> <span class='ocrx_word' id='word_1_327' title='bbox 1643 5228 1838 5335; x_wconf 83' lang='lat' dir='ltr'><strong>priorum</strong></span> <span class='ocrx_word' id='word_1_328' title='bbox 1859 5253 1938 5313; x_wconf 85' lang='lat' dir='ltr'><strong>sex</strong></span> <span class='ocrx_word' id='word_1_329' title='bbox 1957 5239 2002 5314; x_wconf 90' lang='lat' dir='ltr'><strong>et</strong></span> 
     </span>
     <span class='ocr_line' id='line_1_42' title="bbox 288 5337 2002 5450; baseline 0.003 -27"><span class='ocrx_word' id='word_1_330' title='bbox 288 5363 366 5423; x_wconf 93' lang='lat' dir='ltr'><strong>eos</strong></span> <span class='ocrx_word' id='word_1_331' title='bbox 390 5337 552 5441; x_wconf 88' lang='lat' dir='ltr'><strong>colere,</strong></span> <span class='ocrx_word' id='word_1_332' title='bbox 577 5349 621 5424; x_wconf 87' lang='lat' dir='ltr'><strong>et</strong></span> <span class='ocrx_word' id='word_1_333' title='bbox 645 5339 861 5424; x_wconf 80' lang='lat' dir='ltr'><strong>demereri</strong></span> <span class='ocrx_word' id='word_1_334' title='bbox 878 5338 1118 5442; x_wconf 89' lang='lat' dir='ltr'><strong>studemus,</strong></span> <span class='ocrx_word' id='word_1_335' title='bbox 1169 5343 1323 5446; x_wconf 88' lang='lat' dir='ltr'><strong>viginti</strong></span> <span class='ocrx_word' id='word_1_336' title='bbox 1345 5342 1590 5450; x_wconf 86' lang='lat' dir='ltr'><strong>Martyrum</strong></span> <span class='ocrx_word' id='word_1_337' title='bbox 1614 5340 1755 5428; x_wconf 78' lang='lat' dir='ltr'><strong>effuso</strong></span> <span class='ocrx_word' id='word_1_338' title='bbox 1779 5342 2002 5447; x_wconf 89' lang='lat' dir='ltr'><strong>sanguine,</strong></span> 
     </span>
     <span class='ocr_line' id='line_1_43' title="bbox 289 5449 2083 5564; baseline 0.002 -27"><span class='ocrx_word' id='word_1_339' title='bbox 289 5449 563 5537; x_wconf 85' lang='lat' dir='ltr'><strong>offendamus</strong></span> <span class='ocrx_word' id='word_1_340' title='bbox 598 5453 767 5560; x_wconf 91' lang='lat' dir='ltr'><strong>potius,</strong></span> <span class='ocrx_word' id='word_1_341' title='bbox 805 5464 850 5540; x_wconf 92' lang='lat' dir='ltr'><strong>et</strong></span> <span class='ocrx_word' id='word_1_342' title='bbox 885 5453 1118 5540; x_wconf 88' lang='lat' dir='ltr'><strong>irritemus.</strong></span> <span class='ocrx_word' id='word_1_343' title='bbox 1168 5458 1503 5562; x_wconf 83' lang='lat' dir='ltr'><strong>persecutorum</strong></span> <span class='ocrx_word' id='word_1_344' title='bbox 1515 5456 1580 5541; x_wconf 86' lang='lat' dir='ltr'><strong>ira</strong></span> <span class='ocrx_word' id='word_1_345' title='bbox 1594 5453 1914 5564; x_wconf 87' lang='lat' dir='ltr'><strong>aliquantulum</strong></span> <span class='ocrx_word' id='word_1_346' title='bbox 1928 5452 2002 5540; x_wconf 91' lang='lat' dir='ltr'><strong>de·</strong></span> <span class='ocrx_word' id='word_1_347' title='bbox 2079 5457 2083 5465; x_wconf 84' lang='lat'>&#39;</span> 
     </span>
     <span class='ocr_line' id='line_1_44' title="bbox 289 5565 2001 5675; baseline 0.001 -23"><span class='ocrx_word' id='word_1_348' title='bbox 289 5565 459 5668; x_wconf 89' lang='lat' dir='ltr'><strong>Quibus</strong></span> <span class='ocrx_word' id='word_1_349' title='bbox 486 5567 602 5652; x_wconf 90' lang='lat' dir='ltr'><strong>enim</strong></span> <span class='ocrx_word' id='word_1_350' title='bbox 632 5567 766 5655; x_wconf 90' lang='lat' dir='ltr'><strong>rebus</strong></span> <span class='ocrx_word' id='word_1_351' title='bbox 792 5567 916 5653; x_wconf 89' lang='lat' dir='ltr'><strong>Deus</strong></span> <span class='ocrx_word' id='word_1_352' title='bbox 947 5567 1117 5671; x_wconf 69' lang='lat' dir='ltr'><strong>colitis,</strong></span> <span class='ocrx_word' id='word_1_353' title='bbox 1168 5568 1398 5673; x_wconf 86' lang='lat' dir='ltr'><strong>fervuerit,</strong></span> <span class='ocrx_word' id='word_1_354' title='bbox 1429 5567 1604 5655; x_wconf 91' lang='lat' dir='ltr'><strong>illarum</strong></span> <span class='ocrx_word' id='word_1_355' title='bbox 1629 5579 1776 5655; x_wconf 84' lang='lat' dir='ltr'><strong>tamen</strong></span> <span class='ocrx_word' id='word_1_356' title='bbox 1802 5569 2001 5675; x_wconf 89' lang='lat' dir='ltr'><strong>gentium</strong></span> 
     </span>
    </p>
   </div>
   <div class='ocr_carea' id='block_1_14' title="bbox 1171 3130 2006 3319">
    <p class='ocr_par' dir='ltr' id='par_1_17' title="bbox 1171 3130 2006 3319">
     <span class='ocr_line' id='line_1_45' title="bbox 1225 3130 2006 3219; baseline -0.001 -16"><span class='ocrx_word' id='word_1_357' title='bbox 1225 3133 1363 3203; x_wconf 86' lang='lat' dir='ltr'><strong>Omnia</strong></span> <span class='ocrx_word' id='word_1_358' title='bbox 1392 3133 1440 3202; x_wconf 87' lang='lat' dir='ltr'><strong>de</strong></span> <span class='ocrx_word' id='word_1_359' title='bbox 1469 3130 1674 3202; x_wconf 89' lang='lat' dir='ltr'><strong>Communi</strong></span> <span class='ocrx_word' id='word_1_360' title='bbox 1701 3131 1853 3219; x_wconf 90' lang='lat' dir='ltr'><strong>plurim.</strong></span> <span class='ocrx_word' id='word_1_361' title='bbox 1883 3131 2006 3219; x_wconf 80' lang='lat' dir='ltr'><strong>Mart,</strong></span> 
     </span>
     <span class='ocr_line' id='line_1_46' title="bbox 1171 3228 1551 3319; baseline -0.003 -21"><span class='ocrx_word' id='word_1_362' title='bbox 1171 3240 1314 3319; x_wconf 78' lang='lat' dir='ltr'><strong>praetcr</strong></span> <span class='ocrx_word' id='word_1_363' title='bbox 1338 3228 1551 3319; x_wconf 88' lang='lat' dir='ltr'><strong>sequentia.</strong></span> 
     </span>
    </p>
   </div>
   <div class='ocr_carea' id='block_1_15' title="bbox 1500 3351 1665 3435">
    <p class='ocr_par' dir='ltr' id='par_1_18' title="bbox 1500 3351 1665 3435">
     <span class='ocr_line' id='line_1_47' title="bbox 1500 3351 1665 3435; baseline -0.018 0"><span class='ocrx_word' id='word_1_364' title='bbox 1500 3351 1665 3435; x_wconf 91' lang='lat' dir='ltr'><strong>Oratio.</strong></span> 
     </span>
    </p>
   </div>
   <div class='ocr_carea' id='block_1_16' title="bbox 1170 3479 2006 3808">
    <p class='ocr_par' dir='ltr' id='par_1_19' title="bbox 1170 3479 2006 3808">
     <span class='ocr_line' id='line_1_48' title="bbox 1256 3479 2005 3585; baseline 0.008 -26"><span class='ocrx_word' id='word_1_365' title='bbox 1256 3487 1403 3581; x_wconf 88' lang='lat' dir='ltr'><strong>raesta,</strong></span> <span class='ocrx_word' id='word_1_366' title='bbox 1428 3479 1698 3581; x_wconf 81' lang='lat' dir='ltr'><strong>quaesumus,</strong></span> <span class='ocrx_word' id='word_1_367' title='bbox 1722 3481 2005 3585; x_wconf 89' lang='lat' dir='ltr'><strong>omnipotens</strong></span> 
     </span>
     <span class='ocr_line' id='line_1_49' title="bbox 1274 3589 2006 3697; baseline 0.003 -24"><span class='ocrx_word' id='word_1_368' title='bbox 1274 3591 1411 3690; x_wconf 91' lang='lat' dir='ltr'><strong>Deus,</strong></span> <span class='ocrx_word' id='word_1_369' title='bbox 1435 3599 1484 3674; x_wconf 94' lang='lat' dir='ltr'><strong>ut</strong></span> <span class='ocrx_word' id='word_1_370' title='bbox 1501 3589 1742 3676; x_wconf 88' lang='lat' dir='ltr'><strong>Beatorum</strong></span> <span class='ocrx_word' id='word_1_371' title='bbox 1760 3590 2006 3697; x_wconf 91' lang='lat' dir='ltr'><strong>Martyrum</strong></span> 
     </span>
     <span class='ocr_line' id='line_1_50' title="bbox 1170 3702 2005 3808; baseline 0.005 -21"><span class='ocrx_word' id='word_1_372' title='bbox 1170 3706 1348 3788; x_wconf 92' lang='lat' dir='ltr'><strong>tuorum</strong></span> <span class='ocrx_word' id='word_1_373' title='bbox 1390 3702 1627 3806; x_wconf 88' lang='lat' dir='ltr'><strong>Ludovici,</strong></span> <span class='ocrx_word' id='word_1_374' title='bbox 1673 3703 2005 3808; x_wconf 84' lang='lat' dir='ltr'><strong>Bartholomaei,</strong></span> 
     </span>
    </p>
   </div>
   <div class='ocr_carea' id='block_1_17' title="bbox 0 0 2194 6196">
    <p class='ocr_par' dir='ltr' id='par_1_20' title="bbox 0 0 2194 6196">
     <span class='ocr_line' id='line_1_51' title="bbox 0 0 2194 6196; baseline 0 0"><span class='ocrx_word' id='word_1_375' title='bbox 0 0 2194 6196; x_wconf 95' lang='lat' dir='ltr'><strong> </strong></span> 
     </span>
    </p>
   </div>
  </div>
 </body>
</html>
