4378 6202
291 518 356 592 14*
609 523 649 591 ln
675 521 923 592 Solemnitate
952 519 986 588 S.
1014 519 1154 588 Isidori
1179 519 1418 606 Archiepisc.
1442 518 1700 606 Hispalensis,

300 708 461 794 l'raesul
480 709 700 796 instauras
718 707 824 795 fidei
841 706 1121 815 triumphum,
1178 711 1305 815 (arius
1324 713 1482 796 exortu
1496 708 1759 797 tenebrosus
1778 733 1911 817 error,

340 821 541 907 Perfidos
578 821 670 1018 ο1ιιε
707 846 885 930 quoque
917 820 1120 928 perduel·
1222 822 1384 926 Fraus,
1420 833 1465 910 et
1494 823 1748 911 inconstans
1779 823 1921 930 furor,
1958 835 2003 913 et
2181 827 2182 876 ³

618 959 667 1020 es
1018 1037 1025 1044 ,
1480 936 1693 1044 profanus

339 1047 474 1133 Pellis
492 1047 705 1156 Hispanis
723 1045 911 1156 pavidos
929 1045 985 1133 ab
1005 1047 1095 1133 oris
1223 1048 1385 1152 Luxus,
1404 1058 1450 1135 et
1465 1074 1592 1135 vanae
1610 1049 1763 1136 sitiens
1780 1051 1978 1158 profugit

444 1159 836 1266 Fulminelinguae.
1328 1161 1534 1247 Ambitus
1552 1188 1684 1247 aurae.

295 1299 332 1382 O
349 1301 481 1386 Pater
502 1299 628 1401 Cleri,
646 1300 891 1409 populique
908 1300 1078 1403 Pastor,
1174 1291 1261 1377 Sed
1277 1291 1394 1379 redit
1414 1293 1491 1395 fas,
1509 1302 1554 1379 et
1569 1298 1715 1402 pietas
1733 1294 1903 1397 revixit,

340 1412 560 1522 Orphanis
583 1423 720 1518 tutor,
745 1412 890 1499 viduis
908 1413 1120 1514 levamen,
1222 1407 1279 1491 Et
1298 1405 1411 1492 fides
1431 1416 1554 1494 casto
1574 1405 1779 1494 redimita
1797 1407 1928 1512 cultu,

341 1529 573 1632 Virginum
599 1538 767 1629 custos,
797 1525 1024 1613 monachis
1054 1551 1118 1610 se·
1222 1516 1407 1629 Paxque
1443 1547 1544 1607 cum
1580 1532 1732 1608 sancta
1765 1519 2002 1630 probitate,

600 1644 719 1726 verae
1483 1646 1528 1722 et
1546 1636 1664 1744 aequi

445 1756 616 1864 Regula
634 1754 750 1840 vitae.
1328 1749 1518 1835 Conscia
1537 1749 1687 1834 virtus.

294 1898 419 1982 Nune
436 1898 481 1980 in
501 1894 677 1981 excelso
698 1890 896 1979 residens
916 1891 1120 2000 Olympo,
1176 1881 1369 1987 Hispalis
1388 1880 1553 1966 clarum
1571 1879 1705 1986 iubar,
1722 1880 1906 1983 Isidore,

342 2009 471 2095 Sidus
516 2032 543 2093 0
589 2017 774 2108 nostrae,
828 2003 1119 2112 columenque
1223 1992 1381 2080 Redde
1399 1993 1595 2095 virtutes,
1615 1995 1733 2078 vitiis
1751 1993 1951 2101 reptilem,

601 2121 757 2227 gentis,
1222 2107 1313 2192 Fac
1349 2106 1480 2194 etad
1515 2108 1689 2214 priscos
1720 2107 1903 2194 redeant
1935 2131 2002 2191 ca·

343 2237 551 2345 Compari
581 2233 740 2345 priscis
766 2233 872 2319 fidei
898 2233 1119 2338 magistris
1485 2220 1599 2307 ddca

444 2348 564 2434 Luce
581 2347 786 2451 refulges.
1326 2331 1498 2418 sacua
1515 2358 1674 2421 mores.

242 2494 244 2497 ·
291 2489 358 2573 sis
372 2513 543 2573 memor
559 2487 651 2571 cari
669 2486 825 2592 gregis,
845 2495 890 2571 et
902 2486 1120 2570 Patronus
1174 2464 1284 2550 Haee
1301 2475 1430 2567 rogat
1443 2490 1592 2550 sacras
1605 2473 1682 2598 tua
1695 2489 1804 2568 gens
1819 2464 1877 2551 aa
1891 2491 2003 2569 aras,

342 2603 451 2687 Esto
470 2598 528 2687 ad
546 2603 757 2686 aeternam
775 2598 999 2701 Triadem,
1021 2625 1118 2707 pre·
1222 2579 1341 2709 Dum
1355 2579 1454 2709 ‚D00
1470 2602 1575 2664 Vssf⁰
1594 2605 1668 2686 Pla
1681 2589 1788 2666 V0ta
1806 2579 2002 2681 fundunt,

603 2718 766 2814 camur,
1223 2691 1309 2795 Qur
1332 2690 1414 2778 ubi
1438 2691 1600 2777 festum
1626 2695 1844 2800 peragunt
1870 2697 2001 2779 oven·

342 2829 511 2915 Cuncta
533 2828 603 2914 cui
628 2826 785 2933 dignas
806 2830 1017 2913 resonent
1038 2851 1120 2934 per
1429 2919 1438 2936 ⁹
1481 2813 1550 2891 tes
1635 2919 1645 2936 θ

602 2940 757 3028 orbem
1327 2918 1464 3004 Baetrs
1483 2917 1659 3002 alomm.

444 3053 615 3141 Sae‘cula
633 3052 798 3141 laudes.
826 3055 979 3140 Amen.
1174 3048 1310 3143 Laus,
1339 3046 1502 3152 honor,
1534 3048 1673 3135 virtus
1705 3047 1787 3135 tibi
1819 3049 1876 3135 sit
1904 3075 2000 3156 per·

346 3179 395 3280 ll.
420 3185 600 3272 Amavit
622 3211 722 3270 eum
745 3183 960 3270 Dominus
983 3193 1028 3269 et
1051 3209 1119 3268 or·
1457 3163 1615 3296 finnio
1739 3277 1748 3296 ι

289 3301 410 3384 navit
426 3323 536 3402 eum,
551 3297 734 3405 alleluja,
782 3301 832 3405 11,
846 3294 1015 3383 Stolam
1029 3296 1119 3403 310.
1225 3275 1354 3362 Celsa
1380 3273 1604 3407 Maleatas,
1629 3274 1856 3360 hommum
1882 3279 1999 3361 crea·

289 3414 368 3497 riae
386 3411 526 3500 induit
544 3438 656 3514 eum,
679 3410 861 3516 alleluia.
1481 3397 1580 3490 tnx,
1625 3503 1633 3520 ι

348 3541 417 3622 Ad
433 3541 606 3642 Magnis.
626 3543 668 3623 in
688 3543 885 3648 utrisque
901 3545 1121 3648 Vesperis.
1224 3502 1364 3603 Quem
1390 3503 1535 3586 Deum
1558 3500 1743 3586 Tfffium
1767 3501 2001 3606 &lebiano

296 3657 395 3738 Ant.
431 3653 661 3744 ODoctor
692 3656 876 3765 optime,
907 3654 1119 3741 Ecclesiae
1371 3728 1380 3746 ,
1483 3625 1528 3702 et
1546 3642 1690 3716 unum,

290 3781 454 3856 sanctae
484 3769 649 3873 lumen,
679 3769 811 3857 beate
838 3768 1025 3871 Isidore,
1058 3767 1119 3853 di·
1326 3729 1429 3875 th?
1447 3726 1614 3815 mles·
1641 3731 1794 3880 Amin}-
1836 3858 1844 3876 Ι
1916 3859 1924 3876 .

273 3888 403 3968 ‘vinae
426 3882 537 3989 legis
561 3888 747 3987 amator,
773 3882 1015 3991 deprecare
1035 3907 1119 3990 pro
1230 3863 1274 3930 ln
1311 3862 1338 3929 l.
1376 3861 1576 3928 nocturno
1617 3858 1719 3928 Lect.
1751 3859 2000 3950 sapiendam.

288 3997 418 4082 nobis
436 3996 594 4082 Filium
610 3998 705 4102 Dei,
724 3997 906 4102 8118111Ῐῶ
1178 3959 1225 4027 de
1247 3955 1451 4028 Communi
1474 3955 1583 4026 Doct,

627 4132 789 4216 Oratio.
1401 4104 1450 4182 ln
1477 4105 1528 4182 11.
1556 4103 1780 4184 Nocturno.

295 4233 583 4444 Interveniat
599 4274 682 4356 pro
696 4248 836 4351 nobis,
856 4252 1122 4356 quaesumus,
1475 4235 1626 4318 hecilo
1650 4237 1703 4317 iv.

372 4361 581 4465 Domine,
625 4361 782 4448 beatus
815 4361 1039 4462 Pontifex,
1076 4372 1121 4449 et
1176 4360 1233 4428 Ex
1265 4359 1305 4426 B.
1333 4359 1569 4446 lldcphonso
1595 4359 1775 4447 Archiep.
1803 4359 2004 4446 Toletano

290 4477 518 4585 Hispanjae
537 4476 708 4561 Doetor
726 4475 939 4578 Isidorus,
962 4485 1010 4560 ut
1028 4478 1119 4581 ejus
1205 4467 1241 4524 et
1256 4454 1465 4525 Braulione
1483 4456 1834 4543 Caesaraugustano
1851 4455 1979 4544 Episc.

287 4589 602 4676 intercessione
644 4586 702 4675 ad
739 4593 905 4676 aeterna
937 4591 1119 4694 praemia
1170 4567 1427 4862 'anctus
1441 4560 1651 4662 Ῑὸῑᾶόῐῡθ,
1665 4571 1919 4652 sanctorum
1928 4564 2001 4651 Le·

290 4707 520 4810 pervenire
547 4708 804 4789 mereamur.
842 4703 928 4788 Per
954 4704 1082 4788 Dnm.
1289 4675 1430 4777 “indrir
1459 4675 1742 4812 etFulgentii
1767 4683 2000 4812 &ermenus

1288 4799 1395 4875 natu
1418 4796 1637 4893 minimus,
1664 4793 1720 4878 ab
1749 4818 1811 4878 ers
1839 4801 2000 4890 sancte,

452 4875 540 4960 Ad
565 4874 954 4962 matutinum·
1171 4913 1215 4988 et
1233 4905 1418 5008 ingenue
1440 4905 1485 4987 in
1506 4905 1752 4991 litterarum
1771 4904 1921 4991 studio
1940 4905 1999 4987 in·

603 4999 815 5101 Hymnus.
1171 5018 1351 5102 stitutus
1370 5027 1453 5119 est;
1476 5018 1643 5120 Latine,
1663 5020 1832 5121 Graece,
1852 5029 1897 5104 et
1914 5019 2000 5104 He·

295 5110 406 5328 Sol
425 5131 481 5218 ab
500 5135 662 5262 occasu
681 5135 835 5216 roseos
854 5129 911 5216 ad
929 5139 1054 5263 ortus
1169 5128 1318 5264 braice
1343 5129 1540 5264 eruditus
1549 5165 1566 5264 1
1586 5133 1851 5266 ceommum
1872 5130 1999 5219 disci·

393 5245 512 5330 Luce
549 5269 624 5351 qur
666 5253 808 5330 terras
838 5244 1020 5331 mehore
1055 5243 1116 5329 lu·
1169 5244 2000 5354 plmarumcognmone,1nstructus,ut

600 5368 755 5460 straus,
1169 5359 1559 5464 praestantissimus
1574 5360 1642 5444 sui
1655 5361 1805 5446 saeculi
1817 5361 2000 5454 Doctor,

339 5471 495 5558 Noctis
504 5470 717 5579 Hisponae
731 5469 925 5573 nebulas,
941 5481 986 5558 et
1000 5471 1118 5556 atras
1170 5471 1303 5557 etiam
1321 5473 1467 5558 octavi
1485 5470 1690 5559 Toletemi
1710 5473 1894 5560 Concilii
1913 5472 1999 5557 elo·

443 5585 640 5671 Discutis
657 5583 847 5671 umbras
1168 5585 1242 5691 gio
1268 5584 1596 5694 praedicaretur.
1637 5587 1803 5673 Veram
1830 5585 2001 5693 religio-
