4346 6176
865 507 1111 576 restaura.
1134 505 1212 594 (23.)
1834 512 1901 587 45*

176 693 347 795 bderat,
365 717 518 778 secum
533 694 731 801 ejesdem
749 693 1015 784 conditionis
1067 697 1311 805 spectebat.
1349 701 1496 788 Nocte
1520 702 1699 788 demum
1722 703 1899 791 adveni·

175 817 313 911 atque
350 804 519 892 erdinis
556 833 656 894 esse
692 807 845 911 vellet,
881 822 1015 917 atque
1068 813 1179 913 ente,
1198 838 1299 897 cum
1316 823 1413 899 tota
1429 817 1474 899 in
1491 814 1673 920 agendis
1686 817 1785 903 Deo
1803 823 1899 922 gre·

176 945 265 1003 nna
295 944 397 1004 cum
429 919 517 1004 illis
544 921 681 1006 vitam
713 946 814 1006 cum
840 923 1014 1028 virgini-
1066 923 1142 1009 tiis
1178 935 1315 1028 esset,
1350 928 1409 1013 ad
1443 929 1675 1035 praemium
1712 931 1821 1016 abiit
1855 932 1900 1015 in

175 1031 261 1118 bus
287 1032 555 1118 traddceret.
596 1035 810 1120 Basilium
834 1036 1014 1120 fratrem
1067 1034 1241 1120 coelum.
1283 1039 1415 1146 Cuius
1436 1065 1600 1149 corpus
1618 1043 1664 1126 in
1682 1067 1736 1127 eo
1756 1044 1899 1150 septil-

175 1154 281 1229 ante
303 1143 351 1228 id
372 1155 565 1251 tempus,
589 1173 617 1230 a
638 1145 1014 1254 pdblicislittere·
1067 1147 1192 1250 chro,
1222 1150 1267 1233 in
1295 1176 1384 1258 quo
1410 1152 1642 1238 beaterum
1666 1159 1899 1262 parentum

174 1281 274 1340 rum
296 1256 554 1362 gymnasiis,
578 1259 623 1342 in
647 1258 806 1364 quibus
825 1258 901 1345 diu
919 1285 1013 1345 ver·
1066 1262 1266 1369 reliquiae
1278 1264 1574 1370 quiescebant,
1586 1267 1813 1354 cenditum
1822 1278 1901 1354 est.

173 1373 301 1454 satus
331 1369 492 1471 iuerat,
530 1368 712 1456 domum
743 1371 1013 1475 rederintem,
1116 1392 1169 1494 Κ,
1195 1391 1446 1479 Affergntur
1464 1395 1587 1500 Regi,

174 1479 233 1566 ad
265 1480 782 1614 P91f00fi6ni⁸‚⁸tlldium
809 1482 923 1614 {ideo
952 1483 1012 1567 in'
1115 1531 1160 1599 ln
1183 1529 1250 1599 ΠΙ.
1267 1529 1467 1600 Nocturno
1489 1529 1663 1599 Homilia
1687 1531 1726 1599 in
1750 1530 1896 1618 Evang.

174 1591 343 1696 oefldlti
366 1603 415 1678 Ul
437 1594 591 1680 mufldl
612 1594 871 1727 1308ῗῖῑὲῧὶῗέ
889 1595 1013 1682 ΘῙὸΓΙ·
1066 1626 1199 1699 Simile
1237 1627 1310 1700 erit
1346 1649 1509 1718 regnum
1544 1631 1732 1732 ceelerum
1764 1631 1899 1703 decem

173 1710 269 1792 tete
297 1705 601 1813 despecteque
628 1708 895 1815 eloquennae
920 1709 1012 1813 gld·
1064 1722 1293 1812 virginibus.
1319 1719 1607 1790 decommum.
1992 1748 1997 1756 ·

172 1818 257 1920 ria,
289 1819 562 1906 laboritlsum
593 1827 924 1928 operose'lmque
952 1823 1010 1908 vi·
1118 1834 1220 1902 Lect.
1237 1833 1287 1902 ix.
1305 1841 1343 1904 et
1359 1837 1517 1942 comem.
1536 1831 1570 1902 S.
1587 1833 1895 1922 PraxedisVirg.

172 1928 309 2018 vendi
325 1955 467 2035 genus
484 1957 566 2040 per
584 1938 896 2040 paupertatem
913 1959 1011 2042 per.
1063 1929 1103 1998 in
1119 1929 1281 1999 Ltludib.
1312 1929 1400 1998 Ant.
1418 1937 1455 1998 et
1472 1929 1517 2011 lis.
1536 1952 1556 1998 e
1572 1928 1600 1997 l.
1616 1929 1734 2017 Vesp.

172 2045 338 2130 lectam
351 2046 642 2152 amplexetus,
657 2045 913 2153 expeditam
927 2047 1012 2134 sibi
1334 2113 1420 2198 Die
1436 2115 1490 2197 23
1519 2113 1621 2196 Juffi

171 2156 231 2243 ad
245 2157 456 2243 virtutem
468 2158 586 2248 viam
603 2159 881 2248 exstrdxerit.
906 2161 1012 2268 Ipsa
1277 2255 1289 2278 ‚
1393 2257 1423 2278 ..
1623 2177 1632 2195 ·

172 2295 282 2356 vero
318 2270 451 2357 beeta
485 2271 682 2357 Macrine
715 2273 851 2358 vitam
891 2275 1012 2362 victu
1171 2257 1214 2340 S·
1233 2255 1585 2360 le01'1113p180·
1606 2267 1651 2340 θῒ
1671 2257 1792 2340 COHf·

170 2388 398 2490 esperam,
421 2384 504 2469 sed
527 2383 719 2471 assiduis
742 2386 1011 2494 contempla·
1396 2397 1562 2484 Duplex.

169 2495 368 2582 fibnlbus
388 2501 570 2582 sudvem
589 2496 774 2600 ducens,
798 2499 921 2584 humi
939 2527 1009 2586 cu·
1117 2525 1252 2594 Omnia
1289 2526 1336 2594 de
1369 2525 1572 2596 Communi
1603 2527 1711 2594 Conf.
1743 2525 1896 2614 Pontis,

168 2607 325 2712 babet,
348 2607 530 2695 medico
553 2609 653 2696 cibo
673 2617 880 2697 contenta
905 2624 1010 2712 erat,
1062 2631 1205 2710 practer
1219 2621 1431 2708 sequentia.

169 2720 356 2807 delicias
378 2747 483 2807 suas
499 2722 544 2807 in
562 2725 857 2832 temperentia
876 2726 1009 2813 collo·
1116 2735 1259 2806 Oratio.
1283 2736 1450 2826 Exaudi,
1475 2738 1709 2826 quaesumus.

168 2839 368 2939 edverat,
391 2833 580 2940 gldriam
602 2839 793 2921 euamin
811 2862 865 2923 eo
883 2845 1019 2946 puid-¹
1113 2857 1158 2926 ln
1187 2857 1214 2926 l.
1245 2857 1447 2926 Nocturna
1482 2857 1686 2928 Lectiones
1720 2860 1767 2926 de
1798 2857 1895 2926 Seri-

166 2957 241 3033 rat
259 2949 406 3050 sitam,
432 2948 556 3055 quod
572 2959 681 3037 nota
698 2959 818 3035 esset
836 2953 1009 3063 nemini,
1062 2959 1176 3041 ptura
1201 2965 1435 3022 occurrente.

168 3058 349 3148 divitias
369 3061 493 3167 quod
509 3063 618 3146 nihil
632 3063 896 3170 possideret.

226 3179 279 3284 Ru.
304 3175 510 3260 Dilexisti
527 3177 748 3282 justitiam.
1366 3263 1367 3266 γ
1480 3261 1487 3276 .
1544 3261 1550 3274 .

478 3291 633 3374 Lectio
654 3291 706 3372 Vi·
1366 3261 1520 3342 Lectio
1540 3287 1593 3339 tv.

268 3424 400 3485 orem
426 3403 601 3487 circiter
624 3401 849 3488 mensibus
873 3427 900 3486 a
924 3403 1007 3488 Ba·
1117 3424 1162 3469 f
1180 3397 1348 3483 iberius
1365 3397 1565 3483 honestis
1577 3399 1836 3506 parentibus
1851 3401 1896 3483 in

296 3511 381 3597 silii
410 3513 560 3601 fratris
592 3515 736 3617 ebitu,
769 3540 901 3622 quem
932 3516 1008 3602 illa
1098 3432 1165 3655 ι]
1200 3512 1344 3598 Gellia
1376 3523 1522 3615 natus,
1555 3520 1600 3598 et
1630 3512 1687 3596 ab
1717 3509 1896 3642 incente

165 3625 275 3710 forti
294 3625 441 3713 enimn
459 3627 633 3731 tulerat,
658 3628 703 3711 in
721 3628 927 3715 morbum
945 3633 1006 3714 in·
1077 3630 1079 3649 '
1197 3630 1330 3711 aetete
1354 3623 1621 3709 caducarum
1638 3648 1787 3708 rerum
1804 3623 1893 3707 ille·

166 3737 297 3824 cidit:
341 3763 431 3845 quo
475 3745 678 3849 tempore
723 3766 749 3827 a
785 3741 1006 3846 Gregerio
1059 3739 1216 3824 cebras
1243 3741 1490 3838 aversetus,
1524 3735 1745 3843 egregiam
1770 3735 1893 3821 indo·

165 3849 374 3958 Nysseno
397 3853 532 3940 fratre
554 3855 772 3958 invisitur,
797 3855 873 3960 qui
896 3858 1005 3939 tem-
1057 3852 1146 3936 lem
1171 3851 1402 3958 praecleris
1427 3849 1642 3950 metibus,
1674 3858 1719 3933 et
1745 3847 1893 3932 huma·

165 3961 246 4047 diu
273 3962 394 4072 apud
421 3990 519 4051 eam
542 3967 641 4070 fuit,
674 3966 886 4073 quamdiu
918 3967 1005 4051 eni·
1057 3969 1213 4050 nerum
1227 3969 1542 4069 sacrarumque
1555 3963 1894 4049 littererumstu·

164 4101 287 4160 mam
312 4077 412 4163 Deo
440 4076 646 4166 reddidit.
699 4078 790 4165 Sub
815 4089 1006 4165 mortem
1059 4075 1143 4164 diis
1178 4076 1293 4162 edeo
1332 4075 1564 4180 diligenter
1596 4075 1809 4178 exceluit,
1845 4084 1895 4162 ut

165 4213 290 4290 vero,
306 4189 468 4296 Sponsi
486 4193 671 4279 caritete
688 4191 926 4294 vulnereta,
944 4191 1005 4277 ita
1056 4192 1301 4298 progressu
1325 4189 1541 4296 temporis
1572 4187 1810 4296 probitetis
1841 4212 1894 4272 ac

165 4299 313 4386 Deum
339 4304 692 4412 preceri-coepit:
719 4305 790 4388 Tu
813 4304 1005 4389 Demine
1057 4303 1287 4411 sapientiae
1321 4301 1563 4410 proficiens
1599 4301 1893 4402 incrementis,

165 4414 327 4499 mortis
361 4424 528 4500 metum
571 4417 702 4504 nobis
746 4417 1005 4504 abstersisti.
1056 4417 1357 4506 maturitetem
1374 4413 1513 4501 virilis
1536 4418 1714 4501 orneret
1738 4414 1893 4498 aetetis.

167 4525 241 4610 Tu
268 4527 468 4632 effecisti,
496 4541 546 4616 ut
568 4530 750 4636 hujusce
773 4531 877 4615 vitae
903 4528 1003 4613 finis
1058 4529 1188 4615 Clero
1221 4529 1493 4637 adscriptus,
1525 4554 1578 4614 ac
1610 4527 1767 4614 officiis
1798 4527 1891 4612 fun·

168 4663 275 4725 vere
299 4640 428 4727 nobis
455 4653 573 4728 esset
596 4643 861 4752 principium
885 4642 1004 4727 vitae:
1057 4652 1154 4727 ctus
1178 4643 1507 4745 ecclesiasticis,
1536 4642 1724 4749 emplius
1747 4648 1891 4725 totum

166 4751 240 4836 Tu
260 4763 414 4839 nostra
438 4761 630 4864 cerpora
656 4756 715 4842 ad
738 4767 916 4863 tempus
934 4781 1002 4841 so·
1056 4779 1156 4842 sese
1174 4753 1324 4843 divino
1344 4755 1482 4842 cirltui
1498 4753 1785 4862 mancipevit,
1803 4761 1892 4837 stu·

166 4889 272 4949 mno
301 4863 459 4968 nadis,
491 4875 756 4975 rursirmque
789 4894 814 4954 e
844 4893 1003 4953 somno
1057 4867 1242 4975 duitque
1269 4880 1455 4954 cunctos
1487 4879 1630 4967 actus,
1662 4865 1891 4970 cogitatio·

166 4978 358 5062 sdscitas
372 4983 570 5066 extrema
585 4980 710 5066 tuba:
727 4980 1003 5067 Tumihied·
1056 4985 1224 5088 nesque
1255 5009 1358 5068 suas
1389 4984 1452 5068 ita
1482 4981 1540 5068 ad
1575 4979 1759 5066 ratienis
1793 5004 1892 5064 nor·

165 5087 270 5175 hibe
291 5090 512 5196 Angelum
533 5092 662 5195 lucis,
686 5094 762 5201 qui
778 5118 851 5178 me
869 5092 1003 5180 ducat
1054 5119 1172 5179 marn
1201 5092 1407 5200 dirigere,
1438 5105 1488 5180 ut
1517 5093 1625 5179 nihil
1658 5095 1891 5199 appeteret

165 5200 226 5286 ad
241 5202 390 5290 locum
408 5205 637 5308 refrigerii,
659 5206 737 5291 ubi
755 5206 915 5313 quietis
935 5217 1004 5292 est
1055 5206 1371 5314 poenitendum.
1389 5205 1610 5294 Modestia
1620 5211 1782 5313 itaque,
1793 5203 1889 5290 abs·

164 5339 299 5421 aqua,
330 5317 376 5400 in
401 5318 501 5402 sinu
530 5323 788 5404 sancterum
812 5320 1003 5405 Patrum.
1054 5319 1248 5420 tinentia,
1266 5319 1537 5420 castimonia,
1555 5319 1741 5425 aliisque
1757 5317 1890 5400 virtri-

163 5429 279 5514 Haec
315 5425 486 5532 dicens,
523 5433 699 5534 eculos,
736 5456 808 5535 os,
843 5442 890 5519 et
924 5457 1002 5519 cor
1054 5431 1173 5519 tibus
1200 5438 1482 5540 conspicuus,
1514 5432 1704 5516 Pavecio
1732 5429 1890 5514 Coeno·

163 5565 298 5628 cruce
316 5543 510 5648 signans,
532 5545 636 5632 vitae
655 5544 789 5632 finem
807 5544 912 5632 laeta
928 5572 1001 5630 ex·
1053 5544 1253 5631 manensi
1269 5549 1486 5654 episcopo
1500 5544 1722 5646 defuncto,
1741 5542 1889 5628 unani·

1298 3120 1348 3198 In
1366 3119 1417 3197 ΙΙ.
1437 3117 1662 3198 Nocturno.
