4346 6176
784 499 900 570 Festa
924 500 1174 589 Septembris
1199 502 1276 586 (26.)
1823 505 1887 580 13·

162 713 264 794 quae
297 699 405 776 tunc
430 698 540 792 erat,
565 689 813 775 Ecclesiam
844 691 1000 796 guber·
1053 693 1299 800 cludemur3
1323 723 1415 801 age,
1434 698 1492 785 ad
1509 699 1627 784 illius
1647 699 1888 786 certdmina

160 801 296 888 nendi
325 800 535 889 conditio.
578 803 682 889 Non
714 805 900 912 aequdlis
933 817 1001 892 est
1052 808 1382 896 contendemus.
1421 812 1642 899 Versetus
1661 812 1777 898 enim
1796 813 1885 897 dia·

161 913 290 1002 labor
316 916 434 1002 viam
458 916 610 1002 tritam
642 927 687 1003 et
715 916 847 1024 plane
875 924 999 1024 pard-
1051 921 1198 1022 bolus,
1224 934 1269 1008 et
1292 923 1350 1009 ad
1374 925 1609 1011 struendas
1632 936 1764 1032 aptus
1785 926 1886 1010 insi·

160 1039 253 1115 tam
278 1040 385 1137 post
408 1031 574 1117 multos
597 1029 769 1137 ingredi
793 1032 999 1134 viateres,
1052 1033 1148 1119 dias
1173 1036 1469 1140 existimabat,
1497 1039 1534 1122 si
1559 1042 1765 1146 pasteres
1793 1064 1885 1124 sus·

140 1151 297 1248 -atque
330 1170 447 1246 eam,
480 1171 581 1252 quae
612 1169 729 1230 nunc
760 1145 905 1252 primo
934 1172 998 1231 se·
1050 1148 1245 1250 tulisset,
1286 1151 1419 1235 ovilia
1450 1177 1499 1236 sc
1529 1151 1658 1236 fecile
1691 1151 1884 1259 direptri-

162 1254 306 1340 cenda
342 1266 429 1355 est,
467 1281 657 1362 quaeque
693 1263 923 1365 praerupta
954 1267 1000 1344 et
1051 1287 1159 1346 rum.
1200 1260 1289 1347 Sed
1312 1263 1387 1368 qui
1411 1262 1748 1372 comprehendit
1771 1271 1886 1350 astri·

162 1372 325 1454 saxesa
349 1369 544 1476 ferisque
573 1370 723 1478 plena,
752 1395 835 1456 nec
862 1370 999 1456 ullum
1050 1383 1123 1459 tos
1156 1374 1201 1458 in
1238 1379 1392 1460 cerum
1428 1377 1611 1477 astuitia,
1646 1375 1885 1462 ostendens

161 1480 308 1566 adhuc
326 1483 543 1568 viaterem
562 1481 751 1568 admisit.
782 1483 909 1568 Tunc
926 1510 999 1569 au·
1051 1486 1261 1571 ecclesias
1289 1513 1392 1572 suas
1423 1514 1514 1574 non
1545 1489 1601 1575 ab
1633 1487 1886 1575 hominibus

160 1605 252 1679 tem
284 1602 567 1701 quocrimque
596 1596 695 1702 quis
722 1596 878 1682 eculos
905 1600 999 1681 ver·
1050 1599 1303 1703 gubemiiri,
1331 1602 1413 1686 sed
1440 1628 1536 1702 eos,
1565 1604 1641 1708 qui
1667 1603 1712 1686 in
1739 1602 1886 1708 ipsum

160 1717 288 1807 teret,
311 1707 476 1814 ubique
494 1709 754 1816 praecipitia,
777 1708 999 1808 bairathra,
1052 1710 1252 1812 credunt,
1279 1739 1455 1823 semper
1477 1742 1504 1800 a
1523 1741 1572 1801 se
1590 1716 1700 1822 regi,
1724 1713 1772 1800 id
1788 1714 1886 1801 lieri

161 1829 206 1905 et
224 1818 353 1922 bella,
374 1831 418 1906 et
435 1848 608 1930 pugnae,
627 1832 672 1907 et
690 1822 902 1930 pericula:
922 1823 998 1908 im·
1051 1825 1352 1931 permittebat,
1373 1838 1439 1931 ut,
1463 1855 1564 1914 cum
1583 1832 1800 1930 cerneret,
1820 1853 1885 1914 re·

160 1937 393 2041 perateres
427 1944 472 2021 et
498 1961 644 2041 reges,
676 1945 721 2020 et
746 1937 920 2044 pepuli,
954 1946 999 2021 et
1051 1938 1249 2025 cteribus
1274 1940 1477 2044 subletis,
1503 1967 1594 2027 non
1617 1951 1765 2027 tamen
1788 1941 1885 2026 reli·

161 2046 381 2148 civitetes,
412 2058 458 2135 et
483 2060 655 2154 gentes,
682 2059 728 2134 et
756 2045 999 2150 domestici,
1050 2049 1227 2153 gienem
1255 2051 1409 2156 deleri,
1441 2079 1524 2140 nec
1549 2055 1749 2141 veritatis
1773 2080 1885 2163 prae·

161 2168 207 2244 et
232 2159 365 2244 alieni
389 2161 675 2248 credentibus
698 2161 882 2248 insidias
906 2173 998 2248 ten·
1051 2162 1319 2250 dicatienem
1352 2169 1590 2271 exstingui,
1623 2167 1703 2254 sed
1733 2169 1885 2275 petius

162 2270 338 2358 debant.
392 2281 444 2384 il.
474 2276 630 2361 Manus
648 2274 841 2360 Demini.
867 2277 921 2358 8*
1050 2279 1217 2380 augeri;
1243 2305 1299 2365 ex
1322 2279 1456 2366 rebus
1481 2280 1609 2388 ipsis,
1634 2281 1817 2388 etipse,
1842 2291 1887 2367 et

473 2392 627 2476 Lectio
648 2423 685 2477 v.
1051 2389 1127 2495 qui
1152 2390 1193 2474 ei
1216 2391 1530 2496 inserviebant,
1555 2418 1708 2479 omnes
1729 2394 1885 2480 intelli·

164 2468 596 2718 Quemadmodum
622 2500 754 2604 igitur
784 2502 998 2605 guberna·
1048 2513 1214 2606 gerent,
1234 2504 1583 2592 Christianerum
1608 2506 1885 2616 disciplinam

275 2617 419 2698 terem
448 2611 732 2715 admiramur,
758 2640 847 2700 non
876 2616 999 2722 quod
1049 2639 1138 2700 non
1173 2616 1229 2703 ab
1264 2617 1516 2705 hominibus
1551 2619 1766 2727 pendere,
1804 2620 1885 2706 sed

160 2728 366 2811 vecteres
391 2725 537 2832 possit
560 2726 605 2810 in
630 2737 810 2834 portum
833 2730 997 2815 incdlu·
1046 2727 1093 2811 in
1119 2730 1247 2816 coelis
1273 2731 1447 2818 radices
1474 2737 1622 2838 egere,
1650 2733 1885 2840 Deumque

160 2863 256 2922 mes
271 2838 446 2937 decere,
464 2863 564 2923 cum
577 2865 699 2924 mare
713 2843 999 2947 tranquillum
1048 2865 1159 2943 esse,
1179 2845 1255 2949 qui
1269 2844 1434 2952 ubique
1450 2846 1661 2931 ecclesias
1675 2850 1885 2932 tueretur.

162 2960 241 3049 est,
261 2975 450 3056 cumque
468 2952 596 3037 navis
613 2952 753 3038 fertur
770 2955 913 3040 ventis
933 2981 996 3042 se·
1105 2972 1156 3054 Ie,
1179 2965 1483 3054 OTimothee.
1510 2969 1564 3052 8*

160 3062 334 3166 crindis3
354 3061 434 3148 sed
450 3081 552 3149 cum
566 3064 810 3151 insaniente
825 3066 997 3174 pelago,
1132 3055 1139 3076 ⁸
1264 3122 1314 3200 In
1341 3122 1402 3200 ΠΙ
1442 3121 1655 3200 ΝΟΟωΥΠΟ

160 3181 392 3283 ventisque
412 3177 714 3279 saevientibus,
740 3179 879 3284 quiin
897 3183 999 3267 navi
1051 3237 1174 3321 Leti
1406 3185 1412 3198 '
1660 3184 1667 3200 '

160 3290 424 3393 sunt,’inter
451 3315 499 3374 se
528 3289 810 3395 dissentiunt,
836 3320 998 3399 magna
1114 3260 1138 3319 c
1175 3263 1202 3322 ⁰
1332 3349 1594 3436 Matthaeum

159 3407 427 3511 tempestate
449 3403 568 3488 intus
592 3414 638 3490 et
659 3405 769 3489 foris
790 3408 995 3513 navigan·
1243 3477 1250 3491 .
1596 3413 1604 3432 ⁸

158 3524 227 3602 tes
253 3517 522 3621 exagitente,
549 3517 697 3601 navim
722 3528 872 3604 tamen
897 3532 995 3629 pot·
1128 3475 1371 3612 11e⁰t¹⁰l¹l
1470 3626 1478 3643 ι
1556 3593 1566 3612 .
1603 3475 1863 3611 .C³p'10'.

158 3640 228 3715 est
246 3627 437 3733 dirigere
456 3639 500 3716 et
514 3636 790 3716 conservere.
817 3633 994 3736 Siccos,
1045 3587 1228 3802 In¹1l0
1259 3597 1478 3725 imile·
1509 3593 1636 3678 ΒΜ
1662 3590 1880 3722 Je⁵ffi.d¹'

159 3743 350 3850 quitunc
359 3742 607 3829 Ecclesiam
617 3744 841 3850 regebant,
854 3746 993 3831 multo
1120 3705 1302 3838 ΒΟῙΡῑὼΒ
1334 3731 1444 3837 ⁸⁰¹⁵}
1478 3705 1614 3836 Ecce.
1633 3729 1716 3808 ⁰3⁰
1753 3712 1881 3789 mm

157 3856 309 3961 magis,
330 3882 463 3962 quam
479 3855 591 3960 illos,
610 3858 686 3963 qui
704 3883 802 3942 eam
819 3857 864 3942 in
881 3885 993 3965 Ρη,
1046 3848 1143 3922 vos,
1168 3828 1282 3951 sicut
1301 3844 1409 3904 oves
1431 3844 1476 3901 m
1498 3817 1647 3902 med10
1663 3815 1881 3922 luperum.

157 3969 299 4053 sentia
322 3969 586 4074 gubernant,
612 3975 839 4079 suspicere
863 3969 993 4057 debe·
1045 3935 1103 4020 Et
1121 3932 1301 4037 sehqua·
1528 4079 1537 4098 ι
1707 4079 1717 4098 ⁸

156 4108 256 4166 mus
292 4093 338 4168 et
372 4081 602 4188 admireri;
640 4084 818 4191 quando
855 4083 994 4170 multa
1191 4079 1381 4166 Homilia
1400 4089 1541 4164 sanch
1559 4079 1585 4162 J
1586 4083 1742 4164 oalnms

156 4195 274 4282 bella
305 4195 424 4282 intus
452 4208 498 4282 et
524 4197 648 4301 foris3
681 4195 860 4304 quando
888 4196 994 4283 fidei
1303 4191 1621 4297 Chrysestomi.

156 4309 310 4416 planta
334 4309 598 4398 imbecillior
630 4321 726 4396 erat
757 4309 918 4411 adhuc,
949 4323 994 4398 et
1070 4321 1242 4390 Homilia
1259 4321 1311 4388 45.
1335 4320 1372 4388 in
1391 4319 1523 4388 Motth.
1541 4321 1656 4406 longe
1678 4329 1766 4406 post
1784 4318 1864 4388 init.

157 4421 382 4527 diligentia
400 4424 539 4528 magis
553 4421 794 4527 indigebat,
814 4424 992 4528 quando
1081 4464 1093 4489 κ
1151 4420 1377 4537 iligenter
1397 4418 1645 4521 considera,
1668 4419 1745 4526 qui
1768 4431 1879 4522 sunt,

157 4535 294 4622 veluti
320 4536 457 4623 modo
481 4537 656 4642 genitus
680 4536 823 4619 inians
841 4535 991 4621 Eccle·
1156 4598 1169 4651 3
1193 4534 1269 4640 qui
1292 4532 1392 4618 haec
1419 4531 1559 4617 erdua
1585 4542 1630 4617 et
1656 4531 1880 4618 laboriesa

156 4648 236 4733 siae
271 4649 484 4758 pepulus,
517 4675 723 4755 magnam
758 4647 992 4757 providen-
1192 4646 1377 4750 edeunt3
1414 4645 1694 4730 formidolesi
1727 4642 1878 4729 videli-

155 4763 262 4846 tiam
294 4773 429 4870 atque
460 4763 723 4870 sapientiam
755 4761 930 4862 enimae,
966 4788 993 4846 a
1044 4769 1115 4845 cet
1130 4770 1174 4844 et
1186 4758 1366 4876 inddcti,
1378 4758 1604 4858 illitterati,
1619 4757 1764 4858 rudes,
1779 4755 1877 4844 obs-

156 4899 244 4979 qua
270 4875 529 4961 nutriendus
556 4885 692 4976 esset,
722 4873 992 4982 postulebat
1044 4871 1139 4956 eriri
1157 4873 1337 4977 quidam
1350 4872 1551 4957 hemines
1570 4880 1615 4955 et
1633 4871 1783 4975 igneti,
1803 4871 1879 4977 qui

211 4993 261 5098 ll.
286 4989 340 5072 In
358 5015 439 5077 sua
458 4988 752 5096 simplicitate.
778 4990 833 5072 8*
1042 5011 1283 5091 numquam
1315 4983 1692 5092 Philosophorum
1726 5009 1877 5091 perce·

461 5109 617 5192 Lectio
638 5109 693 5191 vi.
1043 5102 1202 5206 perunt
1228 5097 1442 5198 instituta,
1472 5097 1638 5204 vixque
1668 5123 1878 5203 umquam
1965 5169 1970 5180 .

157 5209 377 5424 Verum,
405 5239 462 5300 ne
480 5224 626 5300 totum
642 5224 819 5323 tempus
837 5215 882 5298 in
901 5214 990 5321 epi·
1042 5212 1087 5294 in
1106 5211 1252 5295 forum
1270 5208 1606 5312 descenderunt,
1630 5211 1876 5318 piscatores

276 5333 490 5436 scopetus
521 5328 875 5415 consideratiene
903 5327 989 5411 col·
1043 5336 1088 5410 et
1109 5322 1350 5430 publicini,
1375 5322 1523 5408 multis
1548 5322 1710 5432 repleti
1732 5321 1877 5422 rebus,

152 5441 370 5544 locantes,
402 5441 458 5528 ab
485 5441 557 5542 iis,
583 5467 685 5550 quae
712 5441 770 5528 ad
797 5467 899 5527 eum
924 5441 989 5526 uti
1043 5462 1144 5543 quae
1174 5439 1267 5543 jure
1299 5437 1471 5522 enimos
1506 5439 1660 5521 eerum
1690 5445 1877 5546 possent

152 5555 395 5664 llertyrem
408 5565 621 5665 spectant,
640 5553 898 5641 enarrandis
917 5577 989 5638 ex·
1042 5549 1241 5656 dejicere.
1273 5547 1390 5634 Nam
1407 5549 1446 5634 si
1463 5573 1649 5656 magnos
1667 5559 1712 5635 et
1730 5549 1876 5634 claros

1228 3237 1369 3322 sancti
1386 3237 1614 3341 Evangelii
1640 3238 1884 3322 secundum
