4402 6190
874 525 990 595 Festa
1013 525 1038 594 J
1041 526 1118 596 ulii.
1143 527 1223 610 (19.)
1335 543 1338 552 ’
1836 516 1903 590 41*

188 710 353 808 edbuit,
372 715 502 818 eique
515 712 765 819 apostolico
784 712 910 821 operi
928 721 1023 798 tum
1342 717 1532 800 lectio
1552 719 1604 800 vi.

188 852 257 928 se,
292 835 388 913 tum
423 827 625 913 alrimnos
657 826 1022 931 congregationis,
1077 822 1309 1038 Nullum
1339 825 1423 914 fuit
1458 825 1718 914 calamitatis
1753 853 1902 932 genus,

188 965 324 1046 quam
348 940 431 1027 sub
458 939 635 1025 nomine
660 939 1022 1047 presbyterorum
1203 940 1274 1024 cui
1307 944 1490 1046 paterne
1526 965 1616 1024 non
1652 942 1903 1027 occrirrerit

187 1052 469 1138 saecularium
478 1053 700 1138 Missionis
714 1053 911 1154 instituit,
925 1077 1021 1161 per·
1073 1049 1248 1138 Fideles
1262 1052 1346 1138 sub
1356 1054 1602 1139 Turcarum
1614 1055 1716 1160 jugo
1726 1058 1901 1159 gemon-

186 1166 325 1272 petuo
353 1178 458 1253 voto
490 1192 517 1252 a
543 1173 696 1250 sancta
722 1165 837 1251 Sede
864 1165 1020 1252 confir-
1072 1175 1153 1266 tes,
1165 1167 1353 1254 infantes
1367 1167 1608 1275 expositos,
1622 1170 1802 1272 juvenes
1817 1167 1901 1254 dis·

185 1283 321 1382 mat0,
340 1280 572 1388 speciatim
590 1279 838 1364 obstrinxit
878 1280 1020 1383 Quan-
1073 1279 1213 1383 colos,
1243 1281 1435 1385 virgines
1463 1281 1780 1388 periclitantes,
1810 1308 1901 1369 mo-

185 1400 282 1478 tum
317 1403 465 1479 autem
500 1391 714 1496 augendae
750 1391 857 1478 cleri
893 1392 1020 1479 disci·
1071 1393 1211 1480 niales
1238 1391 1480 1502 disporsas,
1510 1393 1716 1481 mulieres
1742 1396 1902 1504 lapsas,

184 1506 321 1614 plinae
337 1503 674 1607 adlaboraverit,
694 1510 911 1593 testantur
930 1511 1019 1593 ero·
1072 1505 1130 1593 ad
1152 1507 1353 1596 memes
1371 1507 1620 1610 damnatos,
1644 1513 1902 1617 peregrinos

185 1629 260 1706 cta
273 1621 487 1723 majorum
502 1619 762 1706 clericorum
776 1619 1020 1725 seminaria,
1070 1620 1279 1722 infirmos,
1299 1621 1491 1706 artifices
1508 1621 1741 1724 invalidos,
1760 1625 1900 1732 ipsos·

184 1732 474 1820 collationum
493 1733 549 1819 de
568 1731 727 1819 divinis
745 1733 859 1820 inter
878 1759 1019 1821 sacer·
1073 1761 1158 1843 que
1185 1746 1331 1823 mente
1359 1744 1535 1843 captos,
1568 1759 1621 1820 ac
1647 1735 1902 1824 innumeros

185 1845 317 1933 dotes
335 1846 595 1953 frequentia,
622 1857 666 1934 et
689 1872 827 1932 sacrae
847 1848 1019 1958 ordina·
1070 1847 1298 1935 mendicos
1343 1846 1550 1935 subsidiis
1594 1860 1639 1935 et
1683 1847 1900 1958 hospitiis,

184 1961 297 2047 tioni
336 1960 647 2069 praemittonda
689 1962 917 2047 exercitia:
962 1963 1020 2050 ad
1072 1963 1310 2048 etiamnum
1324 1961 1635 2070 superstitibus
1648 1965 1835 2071 excepit,
1850 1990 1902 2049 ac

186 2099 305 2182 quae,
329 2073 443 2159 sicut
466 2089 510 2160 et
529 2071 587 2159 ad
604 2074 704 2181 pios
720 2074 934 2160 laicorum
954 2102 1018 2163 se·
1070 2076 1142 2184 pie
1169 2075 1287 2162 fovit
1338 2075 1684 2180 Lotharingiam,
1717 2076 1900 2185 Campa-

184 2191 351 2290 cessus,
365 2187 555 2274 instituti
570 2188 637 2272 sui
652 2185 871 2274 domicilia
884 2190 1018 2277 liban·
1071 2191 1198 2293 niam,
1213 2188 1472 2292 Picardiam,
1486 2188 1684 2298 aliasque
1697 2191 1902 2296 regiones
2053 2295 2058 2304 Ι

184 2311 255 2388 ter
273 2302 429 2419 patore
446 2300 597 2387 voluit.
636 2301 825 2409 Insuper
848 2302 907 2388 ad
928 2330 1016 2389 am-
1069 2314 1208 2413 peste,
1226 2304 1340 2390 fame
1353 2303 1561 2411 belloque
1576 2309 1783 2406 vastatas,
1801 2330 1901 2413 pro·

183 2411 469 2522 plificandam
486 2411 622 2502 fidem
639 2426 683 2500 et
701 2415 925 2523 pietatem,
947 2441 1017 2503 ev·
1069 2418 1157 2502 lixe
1172 2417 1334 2503 refacit.
1357 2417 1553 2502 Plurima
1571 2417 1628 2503 ad
1647 2419 1901 2526 perquiran-

183 2527 411 2632 angolicos
436 2528 557 2615 misit
585 2528 832 2636 operarios,
859 2555 948 2615 non
974 2531 1018 2615 in
1072 2531 1154 2617 dos
1178 2539 1223 2617 et
1246 2529 1544 2618 sublevandos
1568 2535 1755 2618 miseros
1774 2532 1900 2618 soda-

183 2641 306 2728 solas
330 2641 489 2728 Galliac
510 2643 779 2752 provincias,
805 2643 886 2730 sed
908 2643 1019 2730 etin
1068 2644 1162 2729 litia
1189 2643 1405 2746 fundavit,
1434 2645 1549 2731 inter
1583 2669 1683 2752 quae
1715 2644 1902 2730 celebris

182 2753 372 2856 Italiam,
390 2755 632 2858 Poloniam,
646 2755 849 2864 Scotiam,
861 2757 1018 2844 Hibor·
1070 2761 1369 2843 matronarum
1392 2767 1551 2860 coetus,
1575 2769 1621 2860 et
1637 2759 1726 2846 late
1743 2757 1902 2844 diffusa

182 2867 314 2972 niam,
334 2880 468 2976 atque
487 2869 546 2956 ad
562 2868 788 2956 Barbaros
807 2881 852 2959 et
869 2871 1017 2957 Indos.
1071 2871 1153 2959 sub
1195 2871 1372 2956 nomine
1410 2870 1616 2958 Caritatis
1652 2871 1901 2980 puellarum

182 2983 288 3090 Ipse
320 3007 446 3086 vero,
481 2983 573 3070 vita
602 2982 753 3072 fimeto
785 2984 1015 3092 Ludovico
1070 2989 1271 3072 societas.
1314 2984 1490 3071 Puollas
1517 3010 1695 3092 quoque
1722 2995 1817 3072 tum
1845 2985 1901 3073 de

184 3095 359 3182 docimo
379 3095 527 3198 torti0,
553 3096 624 3181 cui
648 3095 853 3183 morienti
871 3096 1017 3185 horta-
1072 3101 1223 3201 Cruce,
1241 3109 1336 3187 tum
1354 3099 1410 3185 de
1424 3098 1719 3200 Providentia,
1739 3125 1791 3185 ac
1807 3126 1902 3186 san·

181 3216 257 3297 tor
275 3209 425 3313 astitit,
443 3235 469 3294 a
487 3213 639 3316 regina
656 3211 755 3294 Ana
773 3212 1018 3312 Austriaca,
1071 3224 1154 3300 ctae
1179 3213 1420 3298 Genovofae
1443 3210 1500 3298 ad
1525 3213 1743 3320 sequioris
1768 3239 1901 3301 sexus

183 3334 325 3410 matre
352 3323 568 3409 Ludovici
594 3321 754 3409 docimi
781 3324 942 3430 quarti,
974 3328 1017 3410 in
1071 3324 1396 3428 educationem,
1445 3325 1676 3432 erigondas
1721 3329 1902 3414 curavit.

183 3437 379 3524 sanctius
397 3436 631 3524 concilium
650 3441 828 3538 accitus,
851 3437 1016 3526 studio·
1069 3442 1181 3527 Haec
1197 3441 1311 3526 inter
1329 3450 1373 3527 et
1392 3440 1478 3525 alia
1496 3439 1757 3546 gravissima
1769 3446 1900 3544 nego-

183 3551 359 3637 sissime
386 3551 493 3656 egit,
518 3560 569 3637 ut
594 3551 769 3636 nonnisi
796 3549 1018 3656 digniores
1068 3555 1146 3652 tia,
1178 3555 1276 3640 Deo
1303 3553 1460 3660 jugiter
1486 3552 1699 3656 intentus,
1731 3555 1900 3640 cunctis

183 3663 384 3752 ecclesiis
418 3689 471 3750 ac
504 3665 785 3751 monasteriis
821 3663 1017 3773 praefice·
1070 3668 1274 3769 affabilis,
1298 3691 1352 3753 ac
1377 3666 1461 3754 sibi
1485 3692 1661 3775 semper
1685 3675 1901 3770 constans,

182 3781 350 3864 ranturz
375 3778 526 3865 civiles
550 3775 804 3882 discordiae,
830 3780 1016 3884 singula·
1070 3781 1274 3890 simplex,
1297 3792 1462 3880 rectus‚
1480 3780 1672 3883 homilis,
1690 3780 1745 3867 ab
1764 3780 1900 3866 liono-

182 3891 250 3976 ria
282 3893 540 3995 certamina,
573 3893 804 4001 serpentes
832 3898 1017 3997 errores,
1069 3896 1210 3998 ribus,
1247 3893 1411 3981 divitiis
1442 3920 1494 3980 ac
1525 3891 1694 3979 deliciis
1725 3919 1901 4002 semper

185 4031 299 4113 quos
317 4006 448 4092 simul
462 4006 598 4092 sensit
617 4015 661 4092 et
675 4004 913 4109 exhorruit,
931 4032 1017 4092 am·
1070 4008 1316 4112 abhorruit,
1360 4008 1535 4095 auditus
1576 4006 1742 4095 dicere:
1787 4011 1902 4095 Rem

185 4123 462 4229 putarentur3
477 4119 715 4227 debitaque
728 4119 901 4228 judiciis
914 4146 1016 4231 apo·
1068 4123 1232 4210 nullam
1264 4122 1349 4208 sibi
1375 4123 1571 4231 placore,
1603 4125 1901 4231 praetorquam

185 4233 354 4320 stolicis
378 4231 629 4320 obediontia
652 4240 938 4343 praestaretur
961 4236 1016 4323 ab
1068 4239 1115 4323 in
1134 4237 1310 4324 Christo
1329 4237 1355 4320 J
1357 4261 1450 4338 esu,
1474 4261 1605 4344 quem
1628 4236 1673 4320 in
1696 4236 1901 4322 omnibus

187 4345 401 4433 omnibus.
1070 4351 1276 4439 studebat
1292 4349 1464 4436 imitari.
1495 4349 1706 4458 Corporis
1724 4348 1901 4435 demum

241 4459 293 4564 Re.
327 4460 554 4568 Evangolii
588 4460 731 4547 factus
767 4487 866 4546 sum
896 4464 1016 4547 mini·
1070 4464 1373 4566 afflictatione,
1416 4462 1644 4550 laboribus
1688 4465 1901 4570 senioque

188 4585 279 4662 ster
297 4575 539 4661 secundum
562 4573 727 4662 donum
748 4575 903 4682 gratiae
922 4577 1018 4680 Dei,
1070 4583 1263 4680 attritus,
1287 4578 1358 4665 die
1381 4577 1592 4682 vigesima
1617 4577 1805 4683 soptima
1826 4578 1899 4663 Se-

189 4715 288 4798 quae
313 4688 417 4776 data
442 4699 510 4776 est
527 4689 634 4774 mihi
652 4689 894 4776 secundum
914 4715 1017 4798 ope·
1069 4693 1295 4801 ptombris,
1314 4717 1429 4777 anno
1448 4691 1602 4778 salutis
1617 4717 1752 4801 supra
1765 4691 1900 4776 millo·

188 4805 403 4891 rationem
416 4804 590 4890 virtutis
605 4806 708 4911 ejus.
724 4803 869 4889 *Mihi
884 4805 1018 4890 omni-
1070 4807 1228 4892 simum
1259 4807 1582 4892 sexcentesimo
1614 4805 1901 4911 sexagesimo

188 4946 263 5005 um
298 4921 552 5005 sanctorum
593 4919 791 5004 minimo·
811 4916 915 5005 data
951 4929 1019 5005 est
1071 4921 1216 5008 aetatis
1234 4945 1327 5005 suae
1346 4919 1618 5023 octogesimo
1638 4920 1802 5026 quinto,
1819 4918 1897 5003 Pa·

187 5033 329 5138 gratia
367 5032 475 5118 haec.
537 5017 589 5124 il.
617 5033 714 5136 Ego
754 5033 1018 5119 novissimus
1069 5035 1201 5136 risiis,
1224 5034 1269 5117 in
1288 5032 1423 5118 domo
1444 5036 1586 5120 sancti
1602 5033 1774 5134 Lazari,
1800 5057 1901 5139 quae

189 5146 408 5252 evigilavi,
431 5157 477 5234 et
502 5145 628 5254 quasi
651 5146 726 5254 qui
748 5147 915 5252 colligit
934 5148 1018 5232 aci·
1072 5157 1204 5256 caput
1234 5156 1303 5234 est
1335 5146 1701 5252 congregationis
1730 5147 1899 5231 Missio·

188 5285 271 5346 nos
297 5271 403 5368 post
429 5260 789 5362 vindemiatores,
815 5261 861 5343 in
887 5258 1018 5346 bene·
1069 5261 1148 5362 nis,
1166 5261 1339 5368 placide
1358 5259 1647 5348 obdormivit:
1667 5284 1798 5366 quem
1817 5260 1900 5344 vir·

189 5374 384 5460 dictione
414 5374 500 5459 Dei
534 5384 577 5461 et
611 5374 708 5482 ipse
744 5373 938 5481 speravi,
975 5383 1019 5460 et
1070 5374 1256 5469 tatibus,
1285 5374 1453 5460 meritis
1483 5398 1536 5457 ac
1566 5373 1788 5458 miraculis
1816 5372 1901 5459 cla·

190 5487 316 5686 qurllffli
348 5487 703 5686 lfflindomiat,
734 5486 904 5594 replevi
931 5490 1019 5572 tor·
1070 5488 1432 5689 ruthlelffit
1456 5485 1902 5690 ἀμοᾴόοὶωιῖεὴίῃῒῗὲ

190 5626 216 5686 c
263 5627 323 5688 ar.
466 5665 476 5685 .
1072 5626 1179 5687 sanc
1199 5627 1305 5686 osr
1442 5625 1820 5712 ,rps1usceer1
