4290 6188
786 487 902 560 Festa
927 489 1139 561 Februarii.
1164 455 1219 576 (iii

153 693 196 770 ut
221 683 333 770 sicut
358 683 455 791 ipse
477 680 750 768 Sanctissimi
773 679 975 767 Neminie
1026 683 1170 767 sertor
1188 681 1330 768 factus
1348 695 1430 788 est,
1454 696 1503 771 ut
1519 685 1684 794 ubique
1703 687 1854 776 dome·

151 797 243 882 Filii
267 797 333 883 tui
357 796 464 883 lesu
488 800 640 897 amere
667 795 887 902 flagrevit,
913 797 975 883 ita
1025 821 1123 880 rum
1149 794 1364 884 frontibus
1388 798 1568 885 affixum
1593 805 1856 888 cerneretur.

151 935 227 998 nos
241 908 402 998 eedem
415 909 600 1011 accensi,
618 908 875 996 studeamus
890 909 974 996 cal·
1025 907 1219 994 Phirima
1247 913 1493 1018 praesertim
1518 913 1563 998 in
1589 914 1737 1003 Sicilia
1762 916 1855 1023 ejus

152 1030 247 1112 cere
276 1027 469 1124 terrena,
501 1035 546 1112 et
579 1029 727 1110 amere
758 1023 974 1109 coelestia:
1026 1025 1164 1130 epera
1183 1031 1439 1113 constructa
1456 1037 1558 1115 sunt
1575 1028 1855 1134 Monasteria‚

151 1137 230 1241 Qui
247 1148 395 1225 tecum
411 1136 531 1224 vivit
1025 1135 1315 1224 annuentibus
1359 1139 1548 1227 Martino
1595 1143 1749 1249 quinto
1802 1170 1856 1230 ac

196 1275 238 1344 ln
269 1273 296 1344 Ι.
326 1272 527 1344 Noctmno
563 1272 767 1344 Lectiones
798 1276 846 1346 de
874 1275 973 1347 Scri·
1024 1246 1224 1352 Εῑῑὲἐΰῗθ
1261 1259 1420 1358 quarm
1455 1253 1767 1358 Pontificibus,
1809 1257 1855 1342 in

151 1383 256 1460 ptura
281 1377 515 1440 oecurrente.
740 1453 745 1462 Ι
1023 1359 1131 1446 Jesu
1159 1361 1361 1450 Neminie
1391 1365 1685 1477 Deiparae'que
1718 1368 1855 1456 hond·

163 1575 172 1642 1
199 1477 503 1646 {Quadrigas
534 1475 637 1548 Leet.
665 1475 815 1550 Fidelis
835 1495 973 1551 sermo.
1024 1497 1136 1669 lrem,
1160 1486 1326 1564 sanctae
1347 1478 1502 1568 Mariae
1526 1505 1554 1568 a
1574 1482 1683 1570 lesu
1705 1483 1854 1592 appel-

151 1595 193 1644 ee
251 1594 432 1644 ommuni.
1042 1591 1126 1674 gt&

376 1699 494 1778 11111.
513 1697 739 1778 Nocturno.
1080 1705 1133 1808 Re.
1153 1702 1308 1790 Inveni
1325 1706 1484 1794 David

445 1821 598 1906 Lectio
620 1822 673 1902 iv.
1337 1819 1488 1906 Lectio
1509 1849 1546 1904 v.

300 1928 492 2018 atthaeus
514 1930 745 2034 Agrigenti
764 1930 809 2014 in
825 1929 973 2015 Sicilia
1103 1929 1350 2034 grigentino
1381 1932 1609 2042 Episcopo
1642 1937 1733 2024 vita
1763 1939 1855 2028 fun·

316 2044 401 2153 piis
415 2043 703 2155 honestisque
716 2042 973 2152 parentibus
1138 2053 1228 2146 cto,
1250 2043 1413 2130 invitus
1432 2046 1553 2150 licet,
1578 2052 1773 2138 unenimi
1797 2059 1854 2140 ci·
1933 2083 1935 2088 ’

316 2167 463 2260 natus,
485 2157 660 2264 Deique
685 2162 835 2243 amore
861 2183 972 2265 prae·
1013 2158 1144 2242 ¹vium
1163 2159 1390 2262 consensu,
1407 2160 1645 2268 plaudente
1659 2165 1856 2274 Alphen-

146 2277 318 2374 ventus,
361 2272 550 2381 pueritia
586 2296 640 2357 ac
674 2269 974 2359 adolescentia
1025 2297 1076 2358 so
1119 2269 1356 2375 Aregeniae
1399 2299 1525 2381 rege,
1568 2277 1857 2388 Eugenieque

145 2413 311 2472 summa
341 2411 513 2472 morum
542 2383 708 2493 pietete
739 2386 973 2486 transiecta,
1025 2395 1195 2491 quarte,
1209 2386 1506 2492 Agrigentinae
1516 2389 1730 2479 Ecclesiae
1742 2421 1855 2503 prae·

144 2501 339 2608 paternis
382 2497 634 2585 valedicens
687 2497 867 2605 epibus,
920 2523 974 2584 ac
1024 2497 1179 2584 ficitur.
1219 2500 1469 2610 Episcopus
1489 2503 1718 2592 ordinetus
1737 2510 1857 2594 omni

144 2613 295 2702 mundi
324 2611 486 2722 spretis
520 2609 759 2714 illecebris,
793 2622 845 2699 ut
873 2610 972 2699 Deo
1024 2637 1130 2698 sane
1160 2611 1373 2700 virtutum
1401 2614 1552 2720 laude,
1584 2619 1650 2705 uti
1678 2619 1856 2708 lucerna

144 2727 197 2814 ad
230 2729 400 2834 majora
432 2726 612 2813 nocenti
648 2750 747 2810 sese
778 2725 972 2846 intimius
1024 2749 1159 2833 super
1185 2725 1498 2815 candelebrum
1526 2732 1697 2838 pesita,
1729 2741 1854 2820 corii·

143 2843 443 2949 conjungeret,
480 2837 600 2948 apud
634 2838 827 2925 mineres
861 2841 971 2928 Con·
1024 2864 1172 2943 scans,
1205 2865 1254 2926 se
1281 2852 1425 2928 totum
1452 2843 1765 2933 ecclesiesticae
1792 2846 1856 2933 di·

142 2955 369 3044 ventueles
390 2955 504 3040 inter
524 2950 719 3039 Clericos
737 2977 971 3040 connume·
1023 2951 1221 3060 sciplinae
1274 2955 1576 3043 restaurendae
1628 2957 1855 3067 impendit.

142 3073 258 3156 retus
278 3077 359 3156 est.
398 3067 519 3154 Vota
537 3068 622 3175 iam
640 3065 853 3152 solemnia
871 3094 971 3175 pro·
1021 3065 1108 3150 Per
1125 3091 1344 3153 summam
1361 3068 1623 3156 calumniam
1638 3071 1758 3180 apud
1770 3073 1855 3160 Eu·

141 3183 293 3284 lessus,
310 3181 582 3291 Hispaniam,
599 3189 650 3266 ut
667 3180 805 3266 sacris
821 3179 970 3268 huma·
1023 3179 1198 3284 genium
1216 3184 1461 3286 accusetus,
1477 3183 1576 3271 Deo
1595 3184 1661 3270 sic
1678 3187 1855 3316 permit·

141 3292 972 3520 ettiitletttttlttitiie
1022 3295 1855 3518 ititliiittitetteeiej

98 3526 103 3577 ¹
140 3525 241 3611 tetis
259 3522 483 3634 operibus,
502 3534 547 3609 et
564 3521 820 3610 excolendis
837 3521 972 3608 virtu·
1023 3521 1212 3606 Romam
1234 3520 1290 3606 ab
1309 3519 1493 3626 objectis
1516 3547 1565 3608 se
1587 3529 1854 3631 purgaturus

140 3639 254 3726 tibus
289 3636 423 3726 dedit.
476 3636 662 3723 Altioris
695 3634 799 3744 ipde
829 3636 970 3744 perfe-
1023 3633 1264 3720 sceleribus
1289 3633 1415 3736 idiit,
1442 3635 1591 3743 ibique
1619 3661 1646 3722 a
1672 3635 1853 3726 Summo

140 3753 298 3839 ctionis
312 3750 473 3856 studio,
491 3775 543 3837 ac
557 3751 698 3836 sancti
710 3749 972 3836 Bemardini
1021 3746 1236 3835 Pontifice
1250 3753 1461 3836 innocens
1480 3747 1741 3855 declaretus,
1760 3777 1854 3838 suae

139 3867 344 3952 Senensis
361 3866 477 3952 fama
500 3868 763 3965 commotus,
786 3859 971 3967 rigidius
1023 3870 1092 3947 est
1109 3863 1341 3949 restitutus
1359 3861 1583 3966 Ecclesiae,
1603 3865 1725 3971 cuius
1742 3865 1852 3972 regi·

99 3974 103 3985 '
139 3979 341 4068 Fratrum
376 3977 434 4066 de
469 3976 764 4065 Observentia
800 3976 970 4062 institu-
1021 4001 1123 4062 men
1166 3975 1301 4085 paulo
1342 3989 1448 4087 post
1483 3987 1642 4088 sponte
1678 3977 1853 4066 dimisit.

98 4172 102 4191 ,
139 4107 229 4181 tum
260 4094 559 4204 amplexatus,
593 4116 647 4177 ac
681 4091 795 4177 inter
829 4091 970 4197 ipsius
1021 4091 1288 4178 Panermum
1303 4096 1519 4196 reversae,
1537 4118 1564 4179 a
1579 4094 1853 4180 Conventue·

98 4202 103 4287 i
139 4205 401 4295 Bemardini
423 4207 570 4293 socios
593 4203 862 4310 adscriptus,
884 4204 970 4289 Ite·
1020 4202 1138 4291 libus
1170 4231 1222 4292 ea
1252 4206 1299 4290 in
1327 4205 1438 4293 urbe
1467 4204 1730 4312 degentibus
1756 4233 1853 4316 per·

96 4296 102 4415 i
139 4321 240 4408 liam
263 4322 356 4408 fere
378 4330 519 4408 totam
537 4317 839 4427 perlustrevit,
863 4326 909 4404 et
925 4317 970 4400 in
1022 4322 1219 4405 amenter
1259 4322 1491 4429 exceptus,
1536 4319 1854 4430 aliquantisper

138 4435 329 4522 Nomine
346 4435 371 4520 J
374 4460 469 4536 esu,
493 4431 616 4541 quod
633 4432 791 4539 legiter
807 4457 970 4538 praese·
1021 4430 1143 4541 apud
1165 4456 1244 4518 eos
1269 4442 1338 4519 est
1364 4438 1681 4535 commeritus,
1708 4432 1851 4520 donec

139 4549 318 4653 terebat,
335 4548 635 4634 labescentem
655 4545 817 4652 ubique
834 4546 970 4655 piete-
1022 4546 1329 4634 Observentiae
1364 4547 1545 4634 Vicerio
1586 4547 1852 4634 Provincidli

139 4674 228 4749 tem
259 4668 396 4771 opere
422 4686 477 4746 ac
501 4657 819 4770 praedicatidne
845 4665 969 4746 resti·
1022 4663 1180 4764 agente
1207 4659 1265 4747 ad
1291 4686 1397 4747 suos
1422 4663 1628 4748 reversus
1655 4672 1733 4747 est.

139 4776 241 4880 tuit,
284 4775 477 4864 Demino
522 4777 772 4860 sermenem
811 4772 969 4859 confir·
1074 4779 1126 4882 il.
1149 4774 1286 4861 Pdsui
1304 4773 1579 4881 adjuterium.

140 4895 286 4978 mente
302 4887 590 4998 sequentibus
608 4887 754 4994 signis.
782 4886 970 4991 Regale·
1323 4893 1476 4978 Lectio
1497 4895 1551 4976 vi.

140 5028 233 5090 rem
252 5002 591 5091 Observentiam
608 5025 691 5109 per
708 4999 971 5108 Hispeniam
1097 5003 1242 5112 liquot
1266 5001 1329 5088 ibi
1359 5000 1484 5088 annis
1511 5001 1585 5109 pie
1611 5003 1852 5107 sancteque

36 5113 41 5126 '
141 5117 415 5220 restaurevit,
437 5141 489 5203 ac
507 5117 552 5202 in
570 5113 716 5202 Sicilia
732 5113 971 5224 phirimum
1140 5117 1395 5218 transectis,
1422 5113 1648 5202 laberibns
1675 5115 1852 5218 fractus,

141 5232 374 5338 promevit
450 5231 692 5339 Deiparam
742 5227 970 5334 Virginem
1022 5255 1074 5317 ac
1092 5231 1280 5318 adversa
1291 5229 1544 5317 valetudine
1557 5227 1757 5331 afflictus,
1775 5228 1852 5313 Su-

142 5369 312 5432 snmmo
338 5343 694 5454 prosequebetur
720 5347 890 5445 amere,
918 5367 970 5429 ac
1020 5345 1245 5453 peridrum
1279 5346 1399 5452 jussu
1433 5340 1492 5430 ad
1527 5343 1851 5429 Conventueles

142 5459 388 5546 suavissimi
411 5459 438 5544 J
439 5485 519 5545 esu
540 5455 742 5544 Nominis
769 5457 883 5543 inter
907 5457 969 5544 Si·
1022 5455 1167 5545 denuo
1193 5467 1262 5544 est
1288 5456 1567 5567 deportetus3
1594 5481 1648 5542 ac
1671 5452 1853 5542 tandem

144 5573 267 5662 culos
282 5573 532 5684 praesem‘m
549 5571 664 5660 ideo
681 5573 886 5658 strenuus
903 5595 969 5658 as·
1022 5571 1155 5673 senio,
1174 5568 1423 5678 morbdque
1441 5569 1669 5658 coniectus
1687 5567 1746 5656 ad
1764 5593 1850 5656 coe·
