4378 6202
796 513 910 582 Festa
935 515 1181 602 Septembris.
1207 519 1261 604 (7.)
1829 508 1875 582 3*

118 574 124 813 ΙΙ
162 696 335 786 dustria
368 698 639 783 excolendos
670 691 993 800 aggredientem,
1044 700 1274 783 manorum
1303 704 1638 805 permansuros,
1674 697 1875 806 episcopi

117 830 122 873 ¹
162 821 209 898 ut
244 838 337 898 non
370 810 505 916 longo
537 809 770 897 intervallo
802 789 855 896 eit
885 836 992 916 gens
1046 809 1101 895 ab
1120 807 1348 896 Hadrieno
1371 813 1617 898 consecrati
1635 822 1747 898 sunt.
1786 812 1876 898 Sed

116 882 123 1083 Ι
160 950 323 1011 nomen
358 925 384 1008 J
385 944 465 1010 esu
499 922 673 1009 Christo
707 922 992 1009 libentissime
1047 930 1140 1009 erat
1163 926 1391 1031 provisum
1415 923 1639 1025 divinitus,
1666 933 1715 1012 ut
1739 923 1875 1032 Cyni*

161 1036 346 1124 dederit
386 1036 460 1123 Ad
482 1057 580 1122 eam
604 1055 699 1122 rem
722 1055 811 1122 non
834 1055 993 1144 parum
1043 1036 1113 1121 lus
1137 1038 1241 1122 vitae
1267 1061 1444 1122 cursum
1467 1036 1625 1122 Romae
1652 1036 1875 1140 conderet,

160 1151 346 1238 scientia
361 1150 501 1237 valuit
520 1149 723 1236 dictionis
737 1147 992 1252 Slavonicae,
1044 1150 1206 1237 virtote
1237 1151 1378 1255 magis
1409 1175 1541 1256 quam
1573 1154 1705 1236 aetete
1734 1155 1873 1236 matti·

162 1288 296 1371 quam
342 1261 529 1371 Cyrillus
572 1271 675 1348 ante
717 1266 992 1371 perceperat,
1044 1283 1129 1348 rus.
1180 1265 1337 1371 Itaque
1369 1262 1565 1349 defuncti
1595 1288 1758 1370 corpus
1787 1262 1872 1348 ele·

159 1377 437 1485 multumque
461 1379 699 1486 potuerunt
726 1401 866 1461 sacrae
889 1376 989 1462 utri-
1042 1385 1137 1461 tum
1158 1378 1310 1462 funere
1328 1374 1523 1484 publico,
1547 1375 1708 1484 inipso
1729 1376 1872 1484 sepul·

159 1496 302 1598 osque
316 1489 568 1576 testamenti
581 1489 751 1588 litterae,
767 1515 876 1600 quas
890 1493 990 1597 pro·
1044 1489 1151 1575 chro
1178 1488 1299 1597 quod
1322 1487 1407 1575 sibi
1429 1487 1682 1574 Hadrienus
1706 1495 1872 1575 exstrue

158 1604 258 1710 prio
294 1603 453 1713 populi
485 1607 688 1688 sermone
721 1601 991 1688 reddiderat:
1043 1613 1169 1688 xerat
1204 1602 1501 1710 compositum
1542 1601 1643 1705 fuit3
1687 1613 1780 1688 tum
1817 1602 1875 1689 ad

115 1704 119 1721 '
159 1741 259 1802 nam
279 1715 470 1824 Cyrillus
494 1726 540 1802 et
557 1705 811 1802 Methodius
835 1717 990 1824 princi·
1043 1715 1184 1801 sancti
1202 1713 1440 1800 Clementis
1460 1713 1711 1817 dedictum
1733 1724 1778 1800 et
1796 1713 1874 1801 hu·
1916 1776 1923 1823 ,

114 1738 120 1925 i
158 1854 239 1935 pes
264 1827 517 1914 inveniendi
539 1821 714 1915 luerunt
730 1825 852 1937 ipsas
877 1831 989 1916 litte·
1042 1830 1108 1934 jus
1125 1852 1268 1937 prope
1288 1833 1457 1914 cineres
1476 1827 1713 1914 conditum
1747 1829 1873 1914 Cum·

115 1928 120 1965 '
158 1968 241 2041 ras,
263 1933 425 2049 quibus
444 1953 513 2029 est
526 1961 671 2028 sermo
688 1938 887 2053 ipsorum
901 1943 990 2031 Sla-
1043 1966 1130 2047 que
1148 1939 1382 2027 veheretur
1404 1967 1486 2049 per
1509 1939 1664 2026 urbem
1682 1943 1797 2028 inter
1814 1942 1873 2028 ie·

158 2063 317 2140 vorum
327 2055 523 2160 signatus
536 2065 580 2141 et
590 2059 836 2164 expressus,
850 2062 990 2167 eoque
1042 2064 1138 2140 stes
1168 2053 1439 2162 psalmorum
1466 2065 1636 2156 cantus,
1667 2075 1756 2141 non
1782 2061 1873 2140 tam

113 2230 118 2273 r
159 2167 213 2254 de
236 2193 374 2255 causa
393 2159 589 2275 ejusdem
608 2172 822 2256 sermonis
842 2175 989 2260 aucto·
1042 2167 1206 2254 funeris
1228 2194 1360 2275 quam
1377 2167 1587 2276 triumphi
1608 2192 1789 2276 pompa,
1812 2167 1872 2252 vi·

158 2308 228 2368 res
245 2308 338 2367 non
356 2282 575 2368 immerito
593 2283 819 2370 habentur.
1042 2306 1118 2366 sus
1162 2290 1231 2366 est
1273 2282 1465 2389 populus
1499 2281 1726 2366 Romenus
1766 2279 1871 2368 liba-

210 2405 263 2506 R.
285 2397 442 2482 lnvenl
460 2387 617 2482 David
1040 2398 1189 2479 menta
1222 2392 1443 2480 honorum
1486 2393 1732 2480 coelestium
1774 2394 1872 2479 viro

143 2547 148 2558 ·
471 2511 623 2598 Lectio
643 2543 679 2598 v.
1042 2508 1320 2594 sanctissimo
1352 2508 1575 2595 detulisse.
1619 2505 1873 2593 Methodius

162 2613 308 2830 Cum
347 2639 496 2701 rerum
534 2618 760 2720 gestarum
802 2616 989 2722 gloriam
1041 2619 1223 2708 veroin
1249 2622 1494 2708 Moroviam
1519 2625 1763 2726 regressus,
1793 2620 1872 2706 ibi·

251 2728 474 2816 secundus
492 2753 654 2830 rumor,
677 2729 866 2816 Romam
883 2757 987 2816 nun·
1042 2761 1129 2842 que
1147 2737 1290 2823 iactus
1312 2737 1452 2821 forma
1475 2737 1621 2840 gregis
1640 2759 1695 2821 ex
1713 2732 1873 2835 onimo,

157 2843 333 2944 desset,
369 2849 549 2928 sanctus
579 2841 790 2928 Nicoleus
821 2845 988 2950 primus
1040 2850 1105 2934 rei
1136 2849 1365 2937 catholicae
1396 2849 1608 2934 inservire
1636 2851 1801 2958 majore
1826 2848 1872 2932 in

157 2954 362 3042 Pontifex
384 2955 602 3041 meximus
619 2955 774 3040 fratres
794 2958 987 3064 optimos
1041 2963 1135 3049 dies
1175 2964 1323 3050 studio
1358 2962 1526 3049 institit.
1583 2963 1699 3066 Quin
1739 2960 1871 3048 etiam

157 3069 347 3155 Romam
365 3057 633 3155 contendere
651 3068 788 3175 jussit.
805 3069 883 3154 'lili
900 3071 988 3157 Ro·
1039 3077 1307 3180 Pannonios,
1327 3077 1562 3181 Bolgaros,
1579 3075 1809 3162 Delmatae
1826 3077 1870 3160 in

157 3187 334 3267 menum
351 3182 435 3267 iter
452 3173 649 3286 ingressi,
667 3173 874 3288 reliquias
891 3207 987 3270 san-
1039 3187 1129 3277 fide
1160 3188 1386 3277 christiani
1415 3189 1606 3275 neminis
1641 3189 1869 3276 confirmo·

157 3297 213 3382 cti
237 3293 478 3382 Clementis
501 3289 631 3404 primi
648 3287 877 3383 Pontificis
899 3304 987 3385 me·
1038 3302 1119 3406 vit3
1147 3305 1192 3388 in
1219 3301 1455 3390 Corinthiis
1482 3312 1632 3388 autem
1659 3301 1717 3388 ad
1742 3307 1870 3387 nnius
1912 3285 1919 3425 i

156 3411 276 3514 xiim,
307 3429 415 3519 quas
444 3400 632 3516 cyrillus
658 3405 896 3498 Chersonae
922 3438 987 3499 re·
1038 3417 1134 3503 veri
1159 3417 1246 3503 Dei
1273 3417 1439 3503 cultum
1464 3415 1748 3503 traducendis
1773 3417 1869 3524 plo·

156 3527 352 3630 peterat,
401 3539 552 3609 secum
596 3515 832 3610 advehunt
889 3525 987 3632 Quo
1038 3530 1196 3616 rimum
1216 3529 1473 3617 elaborovit.

156 3637 330 3738 nuntio,
360 3634 613 3722 Hadrionus
644 3637 881 3742 secundus,
912 3641 988 3748 qui
1090 3649 1141 3752 R.
1167 3643 1303 3730 Posui
1320 3642 1597 3751 adiutorium.

155 3747 345 3837 Nicoltio
360 3749 592 3836 demortuo
610 3741 752 3837 fieret
764 3747 987 3858 suffectus,
1339 3757 1490 3838 Lectio
1511 3757 1563 3838 vi.
2034 3820 2041 3833 .

158 3862 276 3951 clero
313 3863 570 4062 populoque
606 3866 866 3970 comitante,
911 3867 987 3954 ob·
1116 3870 1210 3978 pud
1224 3870 1250 3954 J
1251 3874 1440 3956 oannem
1455 3871 1674 3969 octonum,
1693 3865 1768 3972 qui
1781 3865 1869 3953 Ha·

157 3979 272 4064 viam
292 4001 317 4065 e
335 3993 529 4083 smagnn
546 3997 647 4065 eunt
664 3973 845 4066 honoris
859 3982 986 4087 signi-
1151 3981 1306 4070 drieno
1325 3985 1612 4086 successerat,
1634 3985 1793 4068 iterum
1813 3979 1870 4066 de

156 4090 363 4179 ficatione
384 4093 675 4201 progreditur.
714 4093 887 4180 Deinde
907 4096 987 4204 Cy·
1038 4101 1244 4205 suspecta
1261 4096 1351 4184 tide
1365 4095 1619 4203 violatoque
1638 4115 1761 4181 more
1778 4116 1868 4178 ma·

114 4216 119 4269 t
156 4195 278 4292 rssius
322 4211 368 4294 ct
408 4206 660 4293 Methodins
705 4205 762 4292 de
805 4215 986 4296 monere
1037 4213 1179 4318 jorum
1195 4214 1430 4297 accusetus
1449 4235 1502 4296 ae
1515 4210 1705 4294 Romam
1718 4211 1868 4293 venire

157 4318 424 4426 apostolico,
456 4321 502 4404 in
534 4337 622 4428 quo
655 4331 805 4407 essent
835 4333 986 4409 sancte
1037 4325 1190 4430 iussus,
1210 4348 1361 4410 eoram
1377 4323 1403 4406 J
1405 4327 1557 4424 oenne,
1583 4332 1628 4408 et
1646 4323 1868 4432 episcopis

155 4426 464 4540 laborioseque
509 4434 674 4519 versoti
713 4433 770 4519 ad
805 4434 984 4521 Pontifl·
1037 4437 1207 4545 eliquot
1224 4438 1433 4544 cleroque
1450 4435 1633 4536 urbano,
1659 4435 1788 4520 iecile
1807 4433 1865 4520 vi·

157 4567 251 4630 cem
285 4547 542 4650 maximum
586 4545 809 4634 assidente
853 4547 984 4652 clero,
1037 4550 1097 4636 eit
1114 4550 1380 4637 catholicam
1401 4573 1586 4658 prorsus
1603 4547 1738 4634 fidem
1756 4555 1801 4631 et
1818 4571 1866 4631 se

157 4655 363 4762 reiernnt3
381 4677 481 4745 cum
499 4665 646 4747 autem
663 4655 908 4748 eonomine
927 4664 983 4750 ab
1035 4665 1268 4751 retinuisse
1303 4667 1576 4764 constanter,
1611 4671 1656 4747 et
1693 4663 1865 4745 ceteros

157 4769 312 4858 invidis
329 4776 655 4877 accusarentur,
680 4773 801 4885 quod
820 4779 984 4862 sermo·
1036 4777 1266 4882 diligenter
1307 4776 1557 4880 edocuisse3
1600 4771 1721 4882 quod
1759 4796 1866 4858 vero

157 4907 253 4968 nem
283 4879 564 4972 slavonicum
598 4887 643 4972 in
678 4883 983 4997 perfunctione
1035 4890 1094 4977 ad
1123 4890 1316 4996 linguam
1346 4889 1621 4977 Slavonicam
1652 4887 1697 4970 in
1728 4886 1864 4973 sacris

158 5001 381 5084 munerum
399 4995 626 5087 sacrorum
640 5001 983 5109 usurpavissent
1034 5001 1297 5114 peragendis
1332 4998 1608 5110 usunpitam,
1648 5026 1697 5087 se
1732 5003 1864 5087 certis

159 5128 331 5197 causam
353 5111 504 5200 disere
522 5112 766 5201 rationibus
783 5125 875 5201 tam
893 5143 983 5204 cer·
1035 5117 1091 5204 de
1117 5119 1261 5204 causis
1285 5143 1341 5204 ex
1364 5117 1491 5203 venia
1513 5110 1730 5200 Hadriani
1751 5115 1863 5200 Pon·

159 5221 211 5306 tis
231 5235 410 5333 umque
430 5215 690 5330 iiidsttibuu
711 5239 761 5315 ut
783 5231 983 5338 pontifex
1033 5231 1185 5334 tificis,
1224 5257 1306 5320 nec
1341 5233 1485 5318 Sacris
1519 5229 1700 5316 Litteris
1734 5247 1862 5336 repu-

160 5341 200 5420 at
223 5337 366 5424 clerus
394 5348 438 5424 et
463 5339 685 5428 laudatrint
710 5341 911 5431 homines
937 5354 983 5433 et
1032 5344 1288 5450 gnontibus,
1322 5347 1413 5451 jure
1445 5345 1612 5430 fecisse.
1665 5344 1861 5450 Quapro-

161 5449 395 5552 pronaum
431 5452 547 5538 Tum
570 5455 701 5542 ambo
725 5457 918 5561 lutetiae
935 5457 981 5542 in
1032 5470 1132 5566 pter
1149 5458 1194 5543 in
1211 5484 1260 5545 re
1277 5459 1488 5568 praesenti
1503 5458 1761 5567 complexus
1774 5455 1862 5541 Me·

162 5557 243 5648 fide
261 5561 382 5653 beeti
403 5563 525 5656 Petri
548 5577 592 5657 et
609 5568 873 5659 Pontificum
890 5571 979 5658 Ro·
1031 5570 1234 5659 thodium
1251 5572 1465 5678 Pontion,
1482 5577 1752 5682 potestotem
1770 5571 1862 5677 cius
