4322 6182
788 527 905 598 Festa
927 528 1130 600 Februarii
1152 531 1229 620 (26.)
1253 540 1290 602 et
1312 533 1451 604 Martii.
1474 533 1529 620 (5.)

301 726 478 832 peterat
510 724 679 810 orendo
714 722 1009 832 impendebat.
1060 724 1130 809 Ita
1177 722 1223 806 in
1237 721 1517 831 simplicitate
1530 747 1714 825 morum,
1732 720 1884 840 cordis
1893 749 2009 808 mun·

301 839 564 946 coaequales‚
590 839 665 945 qui
684 862 782 922 eum
799 842 1013 924 noverant
1030 843 1128 922 sim-
1179 835 1298 938 ditia,
1317 835 1385 920 sui
1403 835 1705 940 abnegatione,
1727 836 1937 923 orationis
1955 861 2009 922 ac

300 951 478 1062 plicem,
497 961 543 1039 et
559 951 855 1053 innocentem,
874 951 934 1037 ad
953 951 1020 1035 sui
1037 950 1128 1034 imi·
1178 948 1450 1054 poenitentiae
1473 948 1639 1051 studio,
1664 973 1717 1034 ac
1740 947 1938 1035 benefica
1963 960 2010 1035 et

300 1065 512 1152 tationem
537 1062 762 1173 pertraxit.
815 1063 945 1149 Mane
972 1062 1128 1149 adesse
1179 1062 1275 1148 miti
1316 1062 1519 1164 caritate,
1564 1087 1661 1148 eam
1696 1061 2010 1148 charismatum

301 1205 439 1280 sacro,
452 1177 627 1286 vesperi
639 1177 958 1263 sanctissimam
967 1174 1130 1261 Eucha·
1179 1177 1355 1284 copiam
1379 1185 1425 1263 et
1441 1175 1532 1262 vim
1554 1201 1687 1283 supra
1709 1181 1910 1260 natoram
1932 1172 2008 1260 ad·

299 1294 467 1380 ristiam
497 1291 685 1377 adorare
716 1290 963 1391 consuevit,
997 1315 1129 1396 quam
1180 1292 1308 1397 eptus
1328 1298 1413 1391 est,
1437 1298 1488 1374 ut
1507 1290 1674 1397 passim
1692 1288 2010 1394 Thaumatirgi

299 1407 433 1493 etiam
452 1404 612 1491 devote
630 1403 846 1504 comitari,
871 1428 971 1487 cum
989 1401 1045 1487 ad
1065 1402 1127 1486 in·
1178 1404 1354 1488 nomine
1378 1403 1668 1489 condecorari
1692 1403 1911 1488 meruerit
1949 1401 2010 1487 Et

299 1520 452 1604 firmos
475 1516 770 1620 deserebatur,
793 1517 839 1600 in
863 1514 1031 1601 deliciis
1053 1513 1127 1599 ha·
1180 1516 1387 1623 quoniam
1409 1517 1454 1600 in
1477 1541 1529 1601 ea
1547 1512 1700 1601 incidit
1716 1519 1919 1623 tempora
1934 1541 2008 1600 ve-

298 1632 405 1718 buit.
458 1627 672 1717 Sodalitio
705 1627 973 1736 adscriptus,
1004 1627 1128 1713 cuia
1177 1628 1405 1715 hementer
1422 1629 1652 1716 catholicae
1669 1628 1774 1715 fidei
1794 1634 2009 1714 aerumno-

299 1745 488 1831 Rosario
537 1743 681 1829 beatae
724 1742 918 1846 Virginis
966 1766 1127 1827 nomen
1178 1766 1228 1826 sa
1255 1742 1314 1828 ob
1344 1769 1490 1829 rerum
1520 1741 1797 1851 publicarum
1828 1741 2009 1828 subver-

300 1869 410 1961 erat,
434 1856 768 1943 admirationem
791 1854 1059 1940 confratrum
1081 1854 1126 1938 in
1179 1855 1358 1958 sionem,
1384 1866 1429 1942 et
1446 1855 1738 1942 defectionem
1759 1855 2009 1958 multorum,

300 1999 348 2058 se
374 1971 609 2068 convertit,
641 1970 716 2076 qui
745 1967 801 2054 ab
830 1993 891 2054 eo
912 1967 1127 2075 praeclara
1178 1965 1281 2055 ideo
1307 1968 1423 2056 hunc
1449 1969 1661 2054 famulum
1687 1995 1815 2055 suum
1839 1969 2009 2055 mundo

299 2083 517 2172 ducebant
536 2082 738 2191 exempla
755 2080 974 2168 virtitum.
1178 2082 1556 2192 contemptibilem
1578 2085 1709 2189 elegit
1727 2085 1865 2185 Deus,
1889 2093 1938 2169 ut
1961 2083 2010 2166 in

351 2197 403 2302 li.
427 2199 676 2284 Honestum
693 2195 807 2281 fecit.
1178 2197 1450 2302 amplissima
1489 2197 1783 2306 Neapolitana
1819 2196 2010 2282 Ciuitate

605 2308 757 2396 Lectio
778 2341 816 2396 v.
1177 2309 1321 2396 bonos
1352 2312 1397 2395 in
1423 2321 1577 2397 sancta
1607 2311 1820 2416 religione
1851 2311 2011 2396 confir-

376 2425 494 2512 dhuc
509 2425 780 2525 adolescens,
805 2425 969 2506 amisso
987 2432 1125 2529 patre,
1177 2428 1332 2527 maret,
1357 2423 1510 2509 mundi
1528 2425 1751 2533 sapientes
1770 2421 2010 2511 confonde-

409 2536 763 2626 commendatam
776 2534 861 2620 sibi
874 2559 1024 2620 curam
1037 2559 1125 2620 ma·
1177 2546 1255 2639 ret,
1273 2547 1318 2623 et
1337 2534 1557 2622 desideria
1570 2537 1812 2644 iniquitatis
1827 2536 2010 2621 frustra·

296 2655 376 2742 tris
404 2664 448 2740 et
474 2653 606 2745 trium
636 2651 821 2737 fratrum
853 2657 961 2734 natu
989 2648 1125 2734 mino·
1176 2653 1307 2734 retur.
1349 2651 1466 2737 Huic
1488 2648 1748 2736 fidelissimo
1771 2673 1901 2736 servo
1924 2675 2011 2736 suo

296 2793 393 2852 rum
414 2765 624 2873 suscepit,
646 2761 782 2871 idque
802 2772 928 2848 tanto
947 2787 1045 2848 cum
1065 2761 1124 2846 af·
1175 2767 1356 2872 insuper
1379 2763 1502 2848 Deus
1527 2760 1859 2850 diuturnitatem
1883 2760 2011 2848 addi-

296 2880 414 2968 lectu
427 2889 472 2966 et
488 2876 765 2982 ingeminatis
782 2873 1007 2961 laboribus
1026 2873 1126 2978 egit,
1177 2875 1242 2961 dit
1278 2878 1401 2980 vitae,
1438 2903 1489 2964 ac
1524 2887 1711 2963 mortem
1742 2876 2010 2985 pretiosissi-

296 3003 345 3079 ut
370 2991 544 3078 familiae
567 2989 816 3077 necessaria
839 2987 941 3074 vitae
965 3012 1124 3096 suppe·
1176 3014 1312 3090 mam,
1357 3017 1457 3098 quae
1493 2991 1678 3096 contigit
1713 2990 1783 3075 die
1818 2989 2011 3097 septima

297 3106 469 3208 ditaret,
492 3106 582 3189 imo
600 3100 770 3188 alendis
786 3100 943 3187 ceteris
961 3103 1124 3208 paupe·
1156 3121 1158 3125 ·
1175 3101 1404 3188 Februarii
1422 3105 1525 3189 anni
1545 3103 1765 3188 millesimi
1783 3103 2011 3207 octingen-

295 3219 416 3306 ribus
439 3227 613 3326 partem
632 3213 876 3323 quotidiani
892 3212 1021 3321 panis
1040 3212 1126 3298 sibi
1175 3217 1320 3301 tesimi
1351 3214 1625 3319 duodecimi,
1655 3217 1879 3321 ingentem
1910 3241 2010 3301 san·

297 3331 560 3419 detraheret
612 3329 782 3414 Verum
815 3334 921 3433 post
955 3325 1125 3431 aliquot
1177 3327 1342 3414 ctitatis
1359 3329 1538 3433 famam,
1557 3340 1606 3415 et
1624 3328 1906 3436 sepulchrum
1927 3329 2009 3412 mi-

295 3470 435 3531 annos
462 3444 518 3529 ab
544 3439 795 3549 hujtismodi
823 3444 956 3525 onere
981 3442 1120 3524 exem·
1175 3442 1335 3528 raculis
1348 3443 1600 3547 gloriosum.
1619 3441 1789 3547 Quibus
1802 3466 2007 3550 compro-

294 3570 408 3668 ptus,
427 3556 596 3644 enixius
612 3554 770 3640 institit
783 3548 1124 3661 precationibus,
1174 3553 1302 3659 batis,
1315 3556 1409 3642 Leo
1425 3555 1621 3642 decimus
1634 3554 2009 3642 tertiusPontifex

296 3699 384 3781 quo
399 3698 425 3756 a
438 3673 537 3757 Deo
551 3669 842 3778 dignosceret,
861 3669 1032 3752 cuinam
1045 3689 1123 3772 po·
1174 3669 1391 3754 Maximus
1415 3695 1529 3756 anno
1552 3669 1917 3775 quinquagesimo
1937 3667 2007 3754 sui

293 3789 511 3874 tissimum
534 3782 819 3893 perfectionis
844 3779 947 3865 vitae
973 3778 1122 3883 generi
1174 3782 1420 3870 Sacerdotii
1430 3785 1544 3870 inter
1554 3782 1713 3869 beatos
1723 3782 1894 3869 ccelites
1904 3806 2008 3867 cum

293 3927 341 3987 se
361 3899 598 3987 dedicaret.
632 3896 862 3982 Intellecta
881 3890 1028 3978 divina
1045 3915 1120 3975 vo·
1176 3896 1353 3983 Christo
1375 3901 1609 4001 regnantes
1630 3921 1730 3982 eum
1750 3896 2008 3982 solemniter

292 4015 462 4100 luntate
479 4037 560 4120 per
578 4012 720 4096 visum
735 4009 779 4092 in
798 4007 965 4093 somnis
982 4005 1122 4090 sancti
1175 4011 1408 4096 accensuit.
1457 4009 1508 4111 Il·
1538 4013 1632 4096 Iste
1649 4009 1796 4096 homo.

292 4128 414 4213 Petri
446 4125 501 4211 de
527 4124 767 4210 Alcdntara
798 4131 844 4207 et
874 4117 1015 4205 sancti
1041 4120 1122 4203 Pa·
1225 4138 1268 4208 In
1302 4139 1366 4208 ΠΙ.
1401 4140 1513 4210 Noct.
1545 4139 1647 4211 Lect.
1680 4141 1727 4210 de
1759 4137 1931 4209 Homilr'a
1963 4137 2004 4204 in

294 4240 455 4327 schalis
488 4238 677 4347 Baylon,
719 4233 1006 4341 Seraphicum
1042 4233 1122 4319 Or·
1174 4235 1322 4324 Evang.
1336 4235 1465 4310 Nolite
1474 4237 1620 4309 timere.
1638 4239 1685 4308 de
1699 4238 1844 4310 Comm.
1860 4237 1891 4304 2.
1903 4235 2005 4304 loco.

293 4354 440 4441 dinem
470 4354 516 4438 in
547 4349 852 4437 Alcantarensi
879 4347 1121 4432 Galatones
1172 4343 2005 4470 W

292 4462 1120 4684 {illitatiitiiiipbialta
1247 4517 1291 4603 Β·
1309 4511 1604 4617 Margarita
1623 4511 1685 4596 ‹10
1701 4509 1930 4596 cortona·

293 4694 569 4780 sanctfssssime
584 4689 857 4825 'tyrocinium
883 4686 1049 4820 Ppfflstr
1076 4699 1121 4773 et
1227 4733 1364 4804 Omnia
1392 4742 1433 4804 ut
1457 4736 1557 4805 inter
1578 4735 1679 4806 festa
1707 4755 1779 4824 pro
1805 4734 2002 4824 aliquibus

291 4818 396 4894 vota
411 4806 844 4910 solemmamgesrmo
860 4809 1013 4909 quinto
1028 4825 1120 4884 suae
1174 4830 1272 4900 iocis
1297 4831 1433 4901 eodem
1458 4831 1530 4901 oie.

183 5008 187 5014 .
292 4923 436 5010 aetatis
455 4947 569 5007 anno
588 4917 868 5026 nuncupavit
1180 4939 1407 4948 “··“““““
1430 4941 1515 5060 Die
1534 4976 1573 5060 5·
1590 4973 1746 5062 Martii·

1458 4628 1718 4720 semidupiex.

344 5035 397 5138 io.
417 5035 598 5121 Amavit
615 5056 727 5119 Μ’
873 5083 875 5086 ’
1180 5108 1248 5194 γΒ.
1274 5107 1306 5192 J
1308 5105 1488 5192 oannis
1512 5100 1725 5209 Josephi
1750 5120 1784 5185 a
1812 5097 1968 5184 Grues

592 5149 745 5234 Lectio
765 5153 818 5236 vi.
1492 5239 1497 5243 .
1685 5213 1693 5228 ·

1446 5211 1729 5296 Confessorrs

292 5251 634 5464 Transmissus
651 5284 742 5345 non
756 5259 850 5392 sine
864 5256 1013 5342 divino
1027 5280 1121 5340 con·
1502 5335 1659 5426 Duplex

289 5495 334 5584 b.
394 5377 493 5464 sfflo
521 5372 947 5508 ad.Neap⁰ht{mum
973 5370 1120 5500 πῄ
1225 5437 1363 5508 Omnia
1393 5446 1435 5510 ut
1461 5442 1561 5512 inter
1583 5394 1684 5512 festa
1706 5461 1777 5530 pro
1803 5439 1998 5528 aliquibus

320 5520 413 5582 rum
457 5499 599 5574 sanctr
635 5484 880 5585 Paschalrs,
924 5483 1121 5592 perrexit
1171 5533 1270 5604 iocis
1294 5536 1430 5607 eadem
1454 5539 1527 5610 dio.

291 5607 493 5696 alacriter
510 5603 606 5690 vias
618 5599 798 5687 Domini
815 5595 1120 5700 ambulare3et
1480 5661 1688 5674 .....-..
