4290 6188
957 1657 1364 1785 Homilia

304 1905 489 1990 dicenda
521 1907 565 1990 in
596 1906 811 1994 Matutino
844 1911 971 2008 unius
1003 1913 1209 2023 Martyris
1243 1944 1331 2004 non
1364 1921 1605 2022 Pontificis,
1639 1921 1816 2026 quando
1852 1923 2004 2010 dicitur

881 2053 1033 2138 Missa:
1077 2056 1132 2140 ln
1158 2057 1319 2145 virtrste
1345 2070 1434 2146 tua.
1896 2065 1903 2084 ⁹

305 2365 459 2451 Lectio
483 2368 624 2453 sancti
642 2367 869 2473 Evangelii
892 2367 1134 2456 secandum
1236 2383 1288 2490 lp.
1331 2376 1507 2464 Corona
1542 2381 1675 2462 aurea
1709 2401 1845 2484 super
1880 2385 2008 2484 caput
2125 2379 2130 2406 ⁴

584 2481 854 2568 Matthae'um.
1183 2492 1328 2597 eius*
1354 2489 1578 2597 Expressa
1604 2489 1729 2595 signo
1757 2488 2008 2590 sanctitatis,

380 2611 533 2700 Lectio
553 2617 621 2699 vii.
868 2617 971 2724 Cap.
988 2623 1052 2705 10,
1182 2604 1324 2709 gleria
1340 2603 1523 2690 honoris
1542 2613 1587 2690 et
1604 2629 1718 2710 opus
1733 2601 2007 2690 lortiuidinis.
2129 2657 2130 2714 ,

351 2773 381 2832 n
397 2745 474 2831 illo
488 2746 704 2852 tempore:
721 2744 845 2830 Dixit
857 2744 885 2829 J
885 2769 985 2830 esus
1005 2743 1132 2832 disci·
1184 2719 1235 2821 V·
1278 2717 1497 2850 Quoniam
1530 2718 1808 2849 Praeveffl'flssi‚
1827 2741 1931 2802 eum
1967 2717 2008 2801 in

303 2737 352 2954 I
375 2858 489 2966 pulis
509 2858 619 2943 suis:
644 2858 793 2945 Nolite
811 2857 1016 2945 arbitran‘
1030 2861 1133 2965 quia
1182 2829 1562 2964 benedrcnombus
1588 2828 1851 2932 duloedlfflfl,
1881 2855 2007 2944 P⁰⁸¹l

302 2997 461 3081 pacem
478 2971 673 3057 venerim
689 2963 864 3058 mittere
888 2971 1131 3058 interram:
1182 2949 1255 3077 1⁸3¹
1280 2970 1325 3029 ¹1¹
1348 2948 1495 3076 θάΡῑῒθ
1519 2969 1611 3052 θΙῑῑΒ
1635 2946 1847 3029 coronam
1868 2940 1928 3029 de
1952 2941 2006 3030 li·

303 3111 393 3172 non
416 3084 517 3171 veni
539 3109 696 3191 pacem
720 3089 913 3188 mittere,
936 3083 1017 3170 sed
1040 3086 1129 3191 gla-
1182 3056 1287 3168 Plde
1304 3061 1515 3165 P10t1650·
1544 3057 1778 3165 Expressa·

304 3197 436 3284 dium.
462 3198 521 3284 Et
537 3196 717 3306 reliqua.
1466 3183 1617 3268 Lectio
1637 3182 1721 3266 viii.

1276 3296 1347 3381 eni
1387 3292 1503 3379 enim
1540 3297 1749 3402 separare
1787 3292 2008 3378 hominem

399 3371 589 3463 H⁰mffl³
616 3371 756 3512 sanct}
781 3371 1041 3505 Hlefflssyffli
1182 3287 1515 3505 Vadversus
1543 3415 1716 3514 patrem
1741 3431 1881 3492 suum
1927 3405 2007 3491 Hic

472 3628 480 3643 ,
585 3484 849 3592 Pfeflbyfffi
1180 3522 1305 3608 locus
1331 3545 1475 3636 prope
1501 3519 1659 3605 iisdem
1684 3519 1833 3607 verbis
1862 3521 1910 3604 in
1935 3521 2007 3607 lli·

284 3652 289 3662 '
436 3627 518 3700 le·
546 3630 573 3700 l·
598 3630 637 3699 in
661 3631 793 3702 ltattn.
818 3633 911 3721 Cap.
938 3633 994 3704 10,
1180 3634 1305 3721 chaea
1324 3633 1540 3720 scnlritur.
1558 3632 1629 3718 *Et
1644 3631 1902 3738 notandum,
1921 3633 2006 3720 ubi·

432 3774 515 3857 pra
542 3747 732 3833 dixerat:
767 3746 898 3851 Quod
925 3747 1027 3834 dico
1055 3776 1129 3836 vo·
1181 3755 1370 3856 cumque
1387 3745 1443 3834 de
1456 3747 1596 3837 veteri
1608 3749 1876 3834 testamento
1891 3747 2005 3834 testi·
2128 3847 2129 3856 ,

420 3860 489 3947 bis
506 3860 552 3946 in
569 3860 775 3964 tenebris,
793 3861 925 3948 dicite
943 3861 989 3945 in
1004 3861 1128 3947 lumi·
1180 3862 1376 3947 menium
1419 3861 1617 3970 ponitur,
1664 3870 1812 3946 utrum
1853 3887 2004 3948 sensus
2128 3886 2129 3940 t

419 4000 493 4079 ne;
524 3984 569 4061 et
601 3973 721 4081 quod
749 3975 794 4060 in
826 4001 931 4062 aure
957 3974 1129 4080 auditis,
1179 3985 1350 4063 tantum
1374 3999 1429 4060 an
1453 4000 1599 4061 sermo
1623 3975 1882 4061 consentiat
1927 3973 2005 4080 Qui

301 4086 542 4197 praedieate
561 4113 696 4196 super
713 4097 850 4175 tecta:
868 4116 983 4176 nunc
998 4091 1130 4178 infert
1180 4099 1298 4176 amat
1338 4099 1511 4198 patrem
1551 4099 1626 4176 aut
1665 4098 1852 4175 matrem
1893 4089 2004 4198 plus·

303 4201 409 4309 quid
443 4211 549 4310 post
584 4200 944 4309 praedicationem
975 4209 1129 4312 sequa·
1182 4228 1314 4311 quam
1330 4228 1413 4305 me,
1430 4227 1521 4288 non
1538 4211 1607 4288 est
1623 4227 1694 4288 me
1713 4199 1883 4307 dignus.
1926 4201 2005 4307 Qui

301 4325 382 4401 tur.
427 4314 500 4401 Ad
521 4312 657 4401 fidem
682 4314 843 4402 Christi
865 4325 987 4403 totus
1010 4316 1130 4404 orbis
1180 4326 1281 4403 ante
1298 4321 1589 4425 praemiserat:
1612 4315 1716 4401 Non
1734 4316 1835 4401 veni
1851 4339 2004 4423 pacem

301 4439 456 4516 contra
479 4454 528 4515 se
552 4426 718 4514 divisus
743 4439 826 4516 est:
852 4434 1130 4539 unaquaque
1179 4433 1369 4534 mittere,
1396 4428 1477 4517 sed
1503 4427 1714 4536 gladium,
1742 4439 1788 4516 et
1811 4428 2003 4515 dividere

301 4541 460 4629 domus
495 4551 541 4628 et
574 4541 776 4627 infideles
816 4551 861 4628 et
897 4541 1130 4638 credentes
1179 4543 1380 4630 homines
1402 4542 1614 4632 adversus
1637 4553 1825 4652 patrem,
1851 4554 1897 4629 et
1921 4568 2002 4628 ma·

300 4655 471 4759 habuit,
503 4664 547 4740 et
574 4658 813 4765 propterea
836 4654 1002 4742 bellum
1028 4657 1128 4742 mis·
1180 4667 1313 4760 trem,
1342 4683 1502 4743 nurum
1528 4667 1574 4745 et
1600 4683 1795 4760 socrum3
1825 4681 1882 4742 ne
1912 4656 2002 4765 quis
2127 4731 2128 4776 ,

302 4795 400 4856 sum
416 4780 484 4856 est
497 4768 673 4871 bonum,
687 4778 737 4855 ut
749 4771 1027 4876 rumperetur
1039 4796 1129 4877 pax
1180 4771 1392 4878 pietatem
1410 4771 1611 4877 religioni
1632 4770 1885 4872 anteferret,
1909 4767 2000 4855 sub·

299 4884 426 4970 mala.
470 4883 580 4969 Tale
605 4880 712 4991 quid
736 4881 848 4969 etin
867 4883 1031 4970 Genesi
1055 4883 1128 4970 ad·
1180 4884 1280 4991 jecit
1299 4883 1468 4971 dicens:
1503 4886 1589 4990 Qui
1606 4895 1725 4972 amat
1741 4894 1916 4994 patrem
1934 4889 2002 4970 aut
2127 4883 2128 4890 ‘

298 5001 453 5084 versus
475 4995 662 5083 rebelles
679 4994 897 5098 hemines,
921 4996 997 5104 qui
1020 4997 1130 5084 moti
1178 5010 1365 5084 matrem
1384 4997 1618 5107 plusquam
1637 5023 1718 5084 me.
1761 4999 1820 5086 Et
1836 4997 1882 5082 in
1900 4997 2001 5084 Can·
2127 5067 2128 5074 Ν

299 5111 474 5200 fuerant
521 5109 576 5196 de
620 5109 820 5208 Oriente,
871 5119 916 5196 et
963 5119 1130 5196 turrem
1180 5112 1270 5198 tico
1297 5112 1481 5217 legimus
1508 5113 1795 5200 canticorum:
1823 5111 2001 5208 Ordina-

300 5231 527 5314 exstruere
562 5223 848 5326 festinabant,
880 5248 962 5332 per
997 5248 1129 5331 quam
1180 5224 1244 5310 vit
1266 5224 1313 5309 in
1336 5250 1407 5311 me
1431 5226 1670 5312 caritatem.
1713 5226 1799 5313 Hic
1825 5226 1936 5313 ordo
1961 5224 2002 5309 in

300 5339 403 5428 coeli
421 5337 510 5424 alta
526 5342 826 5447 penetrarent,
849 5335 1007 5424 fecisse
1026 5330 1129 5422 s'cri·
1182 5337 1302 5423 omni
1320 5336 1481 5424 affectu
1498 5339 1772 5426 necessarius
1790 5349 1868 5426 est
1893 5339 2001 5424 Ama

299 5454 417 5540 bitur
448 5451 587 5555 Deus,
623 5461 672 5538 ut
704 5449 925 5539 divideret
958 5451 1130 5558 linguas
1180 5463 1286 5559 post
1297 5450 1454 5650 filiium
1477 5463 1664 5562 patrem,
1690 5479 1791 5539 ama
1811 5463 2000 5552 matrem,

300 5569 465 5653 earum
1181 5589 1281 5650 ama
1349 5564 1425 5652 'os
