4378 6202
847 527 961 596 uesta
985 527 1086 612 stau.
1110 527 1173 608 (11.
1190 499 1241 597 22}
1258 529 1324 612 ar.)

502 722 587 808 Die
604 724 657 805 11,
674 721 787 828 Maji‚
1168 721 1211 790 ln
1241 721 1268 792 l.
1297 721 1496 794 Nocturno
1527 723 1729 796 Lectiones
1764 727 1810 796 de
1843 725 1942 797 Scri·

275 858 319 942 S.
338 857 483 943 Pauli
501 877 533 944 a
551 859 707 944 Gruee
735 865 1020 948 Confessoris.
1116 824 1229 904 ptura
1253 827 1487 909 ⁰9⁶mente·

567 993 730 1082 Duplex.
1345 1004 1395 1082 In
1412 1005 1463 1084 Π.
1483 1005 1706 1086 Nocturna

286 1111 422 1182 Omnia
440 1114 537 1182 utin
561 1115 762 1186 Breviario
785 1117 847 1186 die
863 1116 919 1186 28.
937 1116 1058 1202 April.
1417 1149 1568 1234 Lectio
1588 1153 1642 1234 iv·

336 1395 338 1400 ,
473 1261 661 1384 ‚D1022
681 1260 794 1368 Maii·
1130 1350 1157 1397 f„
1186 1350 1202 1405 ,ξ
1227 1287 1418 1369 oannes
1446 1283 1763 1391 Morgobrossii
1790 1288 1835 1371 in
1861 1287 1938 1372 Hi·

328 1391 434 1478 (Dies
460 1393 658 1482 assignata
684 1417 731 1464 ex
756 1397 804 1466 15.
828 1396 965 1483 hujus.)
1127 1404 1157 1509 t*
1187 1410 1205 1495 ᾗ
1239 1399 1393 1506 spania
1427 1397 1647 1485 nobilibus
1678 1399 1938 1508 parentibus

231 1503 301 1590 Ss.
320 1503 564 1607 Torquati
584 1517 627 1589 ct
645 1505 748 1591 Soc.
774 1507 852 1612 Ep.
873 1519 916 1591 et
935 1508 1059 1592 Mart.
1126 1508 1156 1551 ⁵³·
1237 1519 1386 1612 natus,
1431 1510 1537 1598 dum
1580 1512 1626 1596 in
1668 1513 1939 1599 Salmantina

566 1637 728 1724 Duplex.
1110 1624 1352 1712 Academia
1364 1625 1566 1711 humanis
1582 1624 1741 1712 litteris
1758 1631 1939 1712 vacaret

287 1755 424 1824 Omnia
453 1757 500 1826 de
531 1757 733 1828 Communi
757 1759 864 1828 Mart.
887 1771 1059 1848 tempore
1111 1739 1279 1825 altioris
1315 1737 1529 1826 doctrinae
1564 1737 1771 1846 cl'lpidUS‚
1816 1739 1936 1824 Chri·

232 1847 379 1938 pascu,
404 1864 545 1938 prater
568 1856 779 1942 sequentia.
1110 1863 1226 1939 stum
1251 1851 1337 1937 Dei
1363 1851 1626 1959 sapientiam
1652 1851 1778 1961 sequi
1805 1852 1938 1958 elegit

512 2037 516 2044 .
561 1969 724 2052 Oratio.
913 1970 915 1979 ‘
1109 1966 1153 2050 in
1182 1965 1348 2052 Ordine
1375 1965 1606 2050 Minorum.
1648 1965 1811 2052 Factus
1843 1966 1938 2053 voti

320 2102 413 2180 eus,
439 2078 513 2186 qui
535 2105 617 2164 nos
634 2089 739 2186 post
754 2079 1057 2167 beatissimum
1109 2078 1178 2163 sui
1213 2102 1399 2185 compos
1421 2077 1484 2166 in
1519 2075 1752 2164 Provincia
1787 2078 1936 2164 Sancti

342 2191 368 2277 J
369 2192 557 2278 acobum
571 2192 848 2300 Apostolum,
860 2219 942 2301 per
954 2192 1056 2280 bea·
1110 2190 1329 2278 Gabriolis
1370 2191 1575 2276 Fratrum
1626 2189 1681 2278 de
1726 2193 1936 2279 strictiori

230 2317 302 2393 tos
315 2307 533 2414 Martyres
552 2315 654 2392 tuos
673 2316 805 2414 atque
819 2307 1058 2394 Pontifices
1109 2304 1400 2406 Observantia
1434 2303 1799 2402 Excalceatorum
1834 2331 1935 2391 cun·

230 2421 518 2526 Torquatum,
539 2417 881 2527 Ctesiphontem,
898 2420 1056 2505 Secun·
1110 2420 1191 2504 ctis
1198 2418 1392 2523 religiosi
1400 2417 1590 2504 hominis
1597 2418 1834 2506 virtutibus
1842 2445 1937 2522 con:

230 2532 346 2634 dum,
363 2531 638 2636 Indaletium,
661 2532 894 2634 Caecilium,
917 2533 1055 2640 Hesy·
1108 2537 1232 2618 tinuo
1255 2530 1536 2640 resplenduit.
1578 2531 1783 2634 Caritatis
1804 2533 1936 2617 flama

230 2645 377 2733 chium
403 2655 447 2732 et
470 2645 766 2753 Euphrasium
793 2645 850 2730 ad
876 2647 1056 2751 agnitio·
1109 2649 1345 2732 succonsus
1370 2645 1650 2752 atyrocini0‚
1675 2671 1828 2732 verum
1851 2647 1934 2731 Ev-

230 2785 331 2846 nem
361 2759 426 2846 tui
455 2759 644 2845 nominis
670 2762 821 2844 venire
850 2756 1057 2846 tribuisti:
1109 2760 1268 2865 angelii
1301 2759 1449 2844 lumen
1485 2758 1716 2865 usquead
1754 2759 1934 2846 ultimos

232 2871 428 2960 concede
446 2871 682 2982 propitium
700 2881 749 2957 ut
767 2896 878 2978 quos
897 2872 1055 2958 festivo
1108 2871 1218 2960 lines
1254 2873 1374 2959 orbis
1410 2869 1656 2980 diffundere
1690 2876 1866 2979 satogit3
1907 2897 1934 2957 a

230 2991 489 3072 veneramur
510 2986 736 3092 obsoqui0‚
756 2988 910 3071 eorum
926 2985 1055 3070 inter·
1107 2991 1318 3091 magistro
1344 2997 1491 3072 tamen
1516 3009 1597 3071 suo
1625 2984 1796 3086 didicit,
1825 2989 1934 3094 ejus·

231 3097 488 3185 cedentibus
506 3099 688 3202 moritis,
711 3102 878 3184 aetoma
895 3096 1057 3204 gaudia
1107 3098 1229 3187 modi
1271 3102 1493 3186 ferventes
1530 3102 1715 3186 conatus
1751 3101 1847 3184 fore
1887 3099 1934 3183 in

231 3215 564 3319 consequamur.
589 3214 675 3298 Per
692 3212 942 3296 Dominum·
1107 3211 1287 3317 longum
1321 3209 1657 3321 protrahendus.
1710 3211 1848 3317 Igitur
1885 3236 1934 3296 se

240 3437 242 3441 v
282 3340 326 3410 ln
349 3339 376 3410 l.
401 3339 512 3411 Noct.
543 3341 644 3412 Lect.
675 3342 722 3412 de
746 3341 883 3432 Script.
914 3365 1058 3415 occurr.
1107 3323 1327 3412 humiliter
1360 3329 1638 3412 committens
1673 3326 1933 3433 imperscru-

281 3452 325 3522 ln
348 3453 393 3523 ΙΙ.
418 3453 618 3524 Nocturno
642 3456 742 3526 Lect.
768 3467 809 3527 ur
832 3457 872 3526 in
893 3455 1058 3546 Proprio
1107 3436 1230 3523 tabili
1246 3439 1537 3544 providontiae
1549 3440 1645 3540 Dei,
1664 3463 1813 3526 sacras
1831 3463 1933 3524 con·

231 3547 406 3638 Hispan,
432 3551 471 3620 in
494 3549 611 3622 Festo
636 3551 671 3622 S.
694 3552 883 3640 Torquati
900 3553 1014 3624 Mart.
1107 3551 1258 3636 ciones
1283 3578 1442 3659 magno
1471 3579 1572 3640 cum
1596 3552 1742 3640 fructu
1773 3552 1933 3636 animo·

282 3663 326 3733 In
350 3663 414 3734 HI.
431 3663 467 3733 N
471 3673 631 3736 octurno
653 3667 825 3737 Homilia
849 3666 889 3736 in
912 3667 1057 3756 Evang.
1105 3689 1203 3749 rum
1238 3665 1492 3774 frequenter
1530 3665 1694 3753 habuit,
1750 3661 1935 3773 Hispali,

231 3759 315 3847 1380
344 3779 430 3832 sum
456 3759 549 3832 vitis
572 3781 676 3834 vera.
708 3763 755 3832 de
780 3763 925 3834 Comm.
950 3763 1057 3834 Maru
1108 3776 1184 3864 ubi
1207 3804 1296 3864 non
1317 3780 1471 3886 paucis
1493 3779 1617 3864 annis
1635 3781 1935 3865 commoratus
2080 3794 2087 3808 ·

231 3863 344 3942 temp.
370 3855 505 3926 pasch.
1107 3901 1191 3992 est,
1219 3890 1277 3977 ob
1304 3893 1501 3997 egregias
1530 3890 1687 4000 quibus
1712 3888 1936 3977 eminobat

489 4044 786 4152 DiemnMaji·
1105 4004 1302 4136 virtutes,
1320 4029 1527 4136 magnum
1541 4004 1625 4090 sibi
1642 4028 1805 4136 nomen
1817 4028 1933 4088 com·

295 4182 348 4266 Β·
368 4181 580 4268 romu
596 4180 658 4267 <10
676 4180 840 4268 Prado
871 4183 995 4266 Mart·
1105 4115 1935 4338 ttiotltotoltzloltito:

386 4448 391 4460 Ι
562 4319 750 4464 Duplex..
854 4451 860 4464 .
1106 4350 1177 4428 sto
1195 4342 1421 4429 lucrifecit.
1447 4343 1723 4430 Beatissimae
1738 4341 1933 4447 Virginis

282 4447 419 4518 Omnia
462 4450 509 4518 de
550 4448 750 4518 Commum
797 4471 910 4518 umus
949 4449 1055 4520 llart.
1104 4455 1257 4541 Mariae
1291 4457 1513 4564 piissimus
1540 4456 1685 4542 cultor
1735 4452 1932 4541 devotio.

231 4553 343 4632 temp.
368 4545 516 4660 lason,
541 4555 683 4632 prater
706 4545 918 4634 sequentia.
1104 4591 1206 4654 nem
1229 4593 1334 4674 erga
1351 4519 1801 4673 Immaculatam'ejus
1822 4569 1933 4653 Con·

343 4773 346 4780 .
570 4668 733 4752 0s3fi0·
1106 4683 1355 4791 ceptionem
1377 4683 1474 4769 zelo
1500 4681 1809 4769 ardentissimo
1830 4707 1932 4788 pro·

230 4783 412 5000 Deus,
437 4793 512 4901 qui
537 4802 690 4878 contra
713 4791 1053 4878 Mahumeticam
1104 4797 1254 4897 movit,
1271 4794 1560 4904 pluribusque
1574 4795 1707 4882 sociis
1724 4793 1810 4880 sibi
1823 4798 1931 4880 asci-

338 4907 603 5014 pravitatem
632 4906 812 4992 beatum
837 4907 1053 4992 loannem
1104 4909 1181 5011 tis,
1222 4911 1312 5013 ejus
1348 4909 1508 4997 festum
1542 4935 1700 5016 magna
1735 4907 1931 4993 omnium

227 5018 352 5107 verbi
369 5021 434 5106 tui
450 5024 702 5129 praeconem
725 5021 932 5106 eximium
951 5019 1050 5106 effe·
1104 5021 1258 5107 laetitia
1288 5021 1474 5108 solemni
1509 5023 1650 5123 cultu,
1685 5032 1729 5108 et
1759 5019 1930 5129 populo

227 5135 344 5220 cisti:
374 5133 586 5238 concode;
617 5142 666 5219 ut
698 5134 936 5243 sicutipse
967 5159 1050 5241 pro
1105 5134 1292 5222 dulciter
1305 5135 1493 5242 hymnos
1507 5139 1703 5236 canente,
1717 5132 1932 5221 celebrari

226 5257 317 5334 tuae
337 5247 442 5333 fidei
464 5247 722 5335 dilatatione
746 5248 944 5355 marty'rii
960 5247 1050 5354 pal·
1105 5247 1284 5360 curavit
1326 5249 1378 5333 ln
1402 5248 1653 5334 munoribus
1678 5247 1931 5352 Religionis,

224 5387 342 5447 mam
358 5363 517 5446 meruit
536 5360 750 5462 obtinere,
776 5361 841 5446 sic
857 5387 940 5447 nos
959 5362 1050 5466 ejus
1104 5371 1149 5447 et
1167 5363 1362 5454 ,maxime
1387 5363 1432 5446 in
1457 5363 1667 5468 regimine
1686 5359 1931 5448 Provinciae

225 5474 541 5587 intercessione
560 5472 667 5560 fidei
685 5484 851 5559 nostrae
867 5473 1050 5581 premia
1104 5474 1253 5562 Sancti
1278 5471 1456 5577 Didaci,
1487 5477 1608 5582 cuius
1635 5471 1935 5579 gubernacula

226 5588 438 5696 consequi
453 5591 712 5673 mereamur.
739 5587 823 5674 Per
841 5588 970 5672 Dnm.
1100 5589 1271 5695 primus
1289 5614 1345 5674 ex
1364 5587 1616 5675 obedientia
1633 5585 1783 5687 tenue
1801 5585 1930 5672 disci·
