4346 6176
785 490 902 560 Festa
925 489 1174 577 Septembris.
1199 489 1275 574 (22.)
1659 551 1664 558 ,
1820 479 1885 553 11*

221 665 272 766 ll.
298 668 388 753 Hic
405 678 473 754 est
496 669 572 774 qui
595 669 782 756 multum
801 679 899 756 orat
918 695 1000 776 pro

168 781 359 978 dilrltlllls
418 787 471 890 ll.
507 781 565 865 Et
608 781 814 868 universa
849 792 1000 868 sancta

450 1029 518 1104 Ad
540 1029 729 1106 sextam.

222 1155 324 1236 Ant.
352 1150 472 1236 Nihil
488 1149 647 1235 horum
664 1154 832 1235 timeas.

250 1283 511 1387 Capitulum.
721 1283 856 1366 Hebr.
873 1287 923 1365 11.

242 1401 290 1484 lii
307 1424 415 1486 vero
436 1397 627 1485 ludibria
652 1407 696 1484 et
719 1399 905 1487 verbera
929 1426 1000 1486 ex-

287 1513 423 1620 perti,
457 1516 637 1617 insuper
672 1520 717 1598 et
748 1512 923 1597 vincula
957 1524 1002 1598 et

168 1629 385 1710 carceres:
408 1621 595 1732 lapidoti
618 1635 734 1724 sunt,
759 1625 870 1710 secti
889 1634 1000 1726 sunt

165 1739 325 1823 tenteti
360 1745 481 1836 sunt,
525 1735 570 1819 in
606 1737 830 1822 occisione
866 1737 1001 1840 gladii

164 1849 329 1936 mortui
356 1857 468 1934 sunt.

219 1979 272 2082 Ii·
299 1977 361 2062 br.
405 1977 492 2062 Hic
533 1988 602 2062 est
642 1979 719 2083 qui
758 1978 999 2062 multum*
1060 1970 1099 2051 ςτ,
1127 1972 1165 2039 52

167 2087 278 2172 Orat
300 2113 384 2196 1²10
410 2089 592 2197 populo.
628 2089 714 2173 Hic
732 2100 810 2174 est.
866 2083 918 2188 ps,
942 2090 1001 2175 Et
1066 2088 1099 2127 ,.
1197 2102 1199 2111 J

165 2224 249 2306 pro
268 2201 474 2286 universa
493 2214 646 2288 sancta
664 2201 854 2287 civitete.
880 2203 999 2287 Orat.

171 2311 326 2398 Gloria
344 2314 476 2399 Patri.
504 2315 590 2398 Hic
611 2324 689 2399 est

217 2431 270 2532 u.
295 2434 482 2542 Sperete
505 2436 551 2518 in
573 2460 627 2519 eo
651 2435 795 2520 omnis
819 2460 998 2540 congre·

163 2546 285 2648 gatio
303 2545 470 2654 populi.
516 2554 566 2657 ll.
601 2546 826 2632 Effundite
849 2572 1000 2633 coram

163 2656 240 2743 illo
261 2660 576 2746 cordavestra.

447 2823 516 2898 Ad
535 2825 720 2898 Nonam.

218 2940 336 3022 Ant·
348 2941 397 3020 ln
417 2937 536 3021 omni
554 2940 701 3045 opere.

245 3079 506 3186 Capitulum.
717 3079 852 3164 Hebr.
869 3083 921 3162 11.

250 3205 495 3289 thiomnes
509 3207 765 3292 testimonio
779 3205 886 3289 fidei
898 3229 998 3312 pro·

281 3315 376 3403 betti
407 3319 573 3402 inventi
608 3328 710 3403 sunt
745 3321 790 3400 in
822 3316 998 3400 Christo

161 3431 270 3516 Jesu
296 3431 489 3515 Domino
516 3440 683 3515 nostro.

217 3562 270 3665 Rg.
285 3561 347 3643 br.
368 3553 555 3658 Sperete
567 3553 613 3636 in
628 3577 682 3637 eo
698 3552 884 3637 *Omnis
898 3576 998 3635 con·

162 3665 366 3770 gregatio
380 3662 546 3772 populi.
568 3663 763 3771 Sperete.
789 3659 997 3762 issEffon-

164 3775 818 3862 ditecoramillocordavestra.
834 3775 999 3861 Omnis.

164 3888 322 3974 Gloria
347 3889 479 3972 Patri
518 3889 715 3995 Sperete.

218 4003 270 4104 ll.
313 4009 553 4112 Protegam
594 4009 817 4094 civitatem
857 4008 998 4090 istam.

162 4127 216 4228 R».
248 4121 309 4207 Ut
331 4120 499 4205 salvem
519 4145 629 4206 eam.

373 4283 435 4364 In
453 4283 515 4364 IL
534 4281 790 4384 vesperis.

220 4421 358 4492 Omnia
392 4429 433 4490 ut
465 4423 504 4490 in
536 4421 564 4492 Ι.
589 4422 722 4510 vesp..
755 4429 791 4490 ct
822 4421 910 4489 loco
942 4419 998 4486 ul·

163 4519 248 4588 timi
273 4518 413 4586 Psalm.
439 4513 609 4588 Credidi.

217 4629 289 4712 Ad
306 4631 479 4732 Magnis.
511 4631 608 4714 Ant.
634 4623 857 4712 Liberesti
874 4649 956 4726 me,
973 4627 998 4678 *

161 4739 371 4841 Domine,
394 4765 420 4824 a
444 4737 717 4843 rugientibus
735 4738 999 4845 praeparetis

162 4850 222 4935 ad
251 4877 414 4953 escam,
442 4862 488 4936 et
511 4877 538 4935 a
563 4857 772 4958 pressura
798 4849 999 4950 flammae,

162 4989 267 5070 quae
291 4960 583 5048 circumdedit
600 4988 688 5065 me,
714 4971 758 5047 et
780 4961 827 5045 in
849 4960 998 5047 medio

160 5075 278 5178 ignis
295 5100 385 5159 non
403 5101 501 5159 sum
519 5079 744 5160 aestuotus.

216 5209 322 5280 lnlra
353 5211 485 5280 Octav‘.
517 5231 589 5300 pro
620 5211 765 5280 Comm.
795 5209 928 5279 Octav.
956 5209 997 5278 in

162 5305 368 5376 Laudibus
399 5316 435 5376 et
459 5305 661 5394 Vespero,
693 5309 781 5376 Ant.
815 5315 851 5376 et
878 5295 923 5388 Y.
955 5312 997 5374 ut

160 5421 284 5488 supra
308 5401 348 5470 in
372 5401 573 5472 Laudibus
598 5411 635 5474 et
655 5402 702 5472 ll.
728 5402 923 5489 Vesperis

479 5537 685 5546 *nno-.-

1233 672 1318 756 Die
1335 674 1400 756 22.
1418 672 1702 780 Septembris.

1163 809 1326 908 Quarta
1347 807 1416 890 die
1436 807 1546 889 infra
1567 808 1780 890 Octavam

1087 927 1131 1010 S.
1150 927 1182 1012 J
1183 927 1386 1014 anuarii
1412 928 1556 1032 Episc.
1577 937 1621 1010 ct
1640 927 1854 1032 Martyris.

1342 1059 1604 1146 Semiduplex.

1109 1177 1154 1246 In
1184 1177 1211 1248 I.
1232 1173 1435 1250 Nocturno
1469 1179 1674 1248 Lectiones
1709 1179 1756 1247 de
1788 1177 1887 1248 Scri-

1058 1279 1172 1360 ptura
1197 1286 1430 1344 occurrente.

1289 1413 1339 1489 In
1357 1411 1407 1490 II.
1428 1411 1651 1490 Nocturuo.

1098 1527 1252 1609 Sermo
1270 1524 1412 1609 sancti
1427 1525 1547 1610 Petri
1566 1523 1840 1631 Chrysologi.

1253 1661 1310 1730 De
1328 1661 1363 1732 S.
1380 1663 1602 1750 Apollinari
1620 1663 1695 1731 128.

1357 1775 1511 1858 Lectio
1533 1777 1586 1856 iv.

1109 1908 1148 1977 t‘·
1209 1875 1321 1959 erito
1336 1886 1514 1961 sanctus
1523 1877 1765 1978 ianuarias,
1780 1881 1883 1986 quia

1060 2036 1093 2071 ‚.
1145 2024 1168 2093 t.
1197 2008 1199 2071 ὲ
1226 1989 1344 2086 iuxta
1387 1989 1644 2074 mandatum
1687 1991 1771 2074 Dei
1815 1992 1883 2076 sui

1163 2124 1170 2127 ·
1225 2096 1418 2204 perdidit
1432 2099 1622 2184 enimam
1637 2127 1884 2205 suam,eam

1049 2210 1216 2294 invenit
1232 2209 1277 2292 in
1295 2211 1431 2296 vitam
1449 2214 1773 2320 sempiternam.
1800 2216 1882 2300 Be·

1051 2329 1160 2422 etus,
1180 2322 1254 2428 qui
1272 2323 1333 2406 ita
1352 2347 1530 2408 cursum
1548 2328 1883 2428 consummavit,

1048 2434 1183 2520 fidem
1211 2435 1421 2536 servevit,
1453 2446 1502 2521 ut
1528 2461 1631 2522 vere
1656 2438 1827 2543 primus
1858 2465 1884 2524 a

1049 2544 1332 2632 credentibus
1342 2573 1425 2632 suo
1435 2549 1884 2656 reperireturinloco:

1047 2684 1130 2744 nec
1149 2684 1250 2743 cum
1267 2659 1502 2765 quisquam
1517 2660 1794 2746 Confessoris
1808 2686 1883 2746 vo·

1049 2769 1208 2856 cebulo
1223 2772 1439 2856 minorem
1454 2771 1607 2858 credat
1621 2798 1731 2874 esse,
1749 2799 1884 2881 quam

1048 2883 1305 2989 Mortyrem‚
1331 2907 1462 2986 quem
1480 2883 1567 2968 Dei
1589 2894 1716 2984 nutu,
1742 2887 1884 2989 quoti·

1049 2994 1244 3096 domum,
1274 3005 1318 3079 et
1343 2994 1632 3103 multiplicem
1657 2999 1885 3080 reversum

1050 3107 1268 3214 conspicit
1295 3106 1352 3192 ad
1381 3112 1579 3211 agonem.
1629 3107 1749 3192 Audi
1774 3108 1884 3192 Pau·

1049 3219 1140 3304 lum
1176 3219 1414 3305 dicentem:
1459 3221 1668 3321 Quotidie
1708 3221 1885 3307 morior.

1050 3332 1195 3417 Semel
1228 3332 1343 3415 mori
1369 3357 1526 3439 parum
1559 3342 1628 3418 est
1655 3356 1775 3434 eum,
1811 3333 1886 3438 qui

1050 3455 1201 3552 potest
1218 3445 1312 3549 regi
1329 3467 1412 3527 suo
1427 3443 1668 3549 gloriosam
1686 3469 1809 3551 saepe
1828 3443 1883 3527 de

1049 3557 1254 3641 hostibus
1271 3557 1435 3640 referre
1453 3558 1696 3643 victoriam.

1106 3680 1157 3780 lb.
1179 3669 1335 3754 Manus
1353 3667 1542 3754 Domini.
1567 3671 1625 3752 8*-

1364 3807 1516 3887 Lectio
1538 3833 1574 3885 v.

1149 3937 1207 3996 on
1232 3920 1325 3996 tam
1351 3934 1488 4010 mors,
1520 3933 1654 4014 quam
1683 3906 1814 4006 fides,
1840 3917 1885 3992 et

1181 4023 1379 4122 devotio,
1409 4022 1653 4128 Martyrem
1684 4020 1808 4104 iacit:
1840 4029 1885 4104 et

1051 4137 1165 4220 sicut
1182 4133 1357 4220 virtutis
1382 4145 1450 4218 est
1471 4134 1516 4216 in
1535 4133 1647 4232 eicie,
1671 4133 1716 4216 in
1735 4131 1884 4216 confli-

1051 4257 1141 4349 ctu,
1165 4271 1250 4354 pro
1273 4247 1391 4352 regis
1409 4249 1560 4330 amore
1580 4242 1885 4344 succrimbere3

1050 4360 1111 4444 ita
1128 4359 1341 4466 perlectae
1355 4359 1531 4443 virtotis
1549 4370 1628 4460 est,
1648 4357 1723 4443 diu
1742 4361 1886 4458 egere,

1051 4480 1096 4556 et
1133 4475 1443 4556 consummare
1479 4470 1731 4553 certamina.
1783 4467 1887 4550 Non

1050 4581 1766 4690 ideopersecotusestMertyrcm,
1782 4577 1886 4681 quia

1050 4720 1140 4780 non
1176 4696 1325 4780 statim
1368 4695 1515 4780 intulit
1552 4703 1759 4792 mortem
1804 4686 1885 4774 sed

1049 4807 1258 4915 probevit
1280 4808 1537 4912 Martyrem,
1565 4804 1782 4910 quianon
1811 4799 1884 4884 eli·

1050 4921 1139 5003 cuit
1157 4918 1309 5004 fidem:
1327 4919 1474 5024 injecit
1492 4916 1591 5018 tela,
1610 4941 1710 5022 quae
1728 4913 1885 5021 potuit,

1050 5044 1095 5117 et
1115 5032 1261 5116 omnia
1283 5035 1507 5116 armorum
1526 5033 1705 5114 suorum
1723 5030 1885 5130 genera

1050 5143 1237 5228 collidus
1251 5145 1399 5248 exegit
1411 5143 1627 5226 inimicus:
1641 5164 1723 5224 nec
1736 5151 1885 5224 tamen

1049 5256 1277 5339 fortissimi
1314 5253 1514 5341 ductoris
1546 5254 1727 5337 movere
1766 5271 1883 5332 men·

1049 5380 1141 5453 tem
1158 5369 1322 5474 potuit,
1346 5379 1423 5452 aut
1444 5369 1662 5451 temerare
1682 5364 1883 5448 constetn-

1047 5484 1166 5568 tiam.
1211 5485 1262 5590 ll.
1291 5481 1344 5564 In
1362 5505 1443 5564 sua
1461 5476 1755 5585 simplicitate.
1778 5473 1831 5558 8·Ι
