4322 6182
13 4425 30 4583 ἰ

686 515 832 587 Octava
856 518 891 588 S.
917 519 1115 588 Francisci
1140 520 1186 588 de
1210 519 1341 589 Paula.

160 709 215 796 de
231 710 436 797 cautione
449 709 638 796 solliciti„
663 708 830 813 Quare?
844 733 990 795 nonne
1348 709 1500 794 Lectio
1522 737 1558 792 v.

159 823 292 909 homo
310 822 477 909 homini
495 828 664 930 exiguae
684 822 895 909 chertulae
914 821 989 908 ob·
1136 850 1203 911 aec
1234 824 1327 911 die·
1359 825 1563 929 gloriosae
1598 825 1870 929 migrationis

159 937 367 1041 ligatione
392 936 729 1042 constringitur?
773 937 895 1021 Deus
921 945 991 1022 tot
1163 941 1270 1046 ejus,
1295 937 1389 1024 dies
1410 939 1576 1026 laetitiae
1595 938 1743 1025 cordis
1767 941 1869 1045 ejus,

159 1062 202 1136 et
223 1050 360 1137 tantis
383 1049 678 1136 voluminibus
703 1059 831 1135 cavet
849 1061 893 1136 et
917 1049 988 1134 de·
1042 1052 1311 1138 exsultemus
1338 1061 1382 1137 et
1407 1053 1606 1139 laetemur
1636 1053 1682 1136 in
1710 1077 1777 1138 ea:
1808 1051 1868 1135 in·

158 1161 276 1249 bitor
293 1189 384 1248 non
401 1162 600 1249 tenetur?
626 1162 716 1251 Sed
735 1162 860 1249 dicis:
877 1164 988 1249 Esto
1040 1166 1191 1251 troivit
1221 1165 1266 1249 in
1291 1165 1512 1274 potentias
1539 1165 1735 1268 Domini,
1766 1191 1868 1271 gau·

159 1274 279 1383 quod
307 1276 486 1381 debeat3
519 1301 606 1385 quo
639 1276 840 1381 exigente
866 1281 988 1362 resti·
1041 1275 1245 1381 deomus,
1277 1279 1380 1386 quia
1406 1305 1522 1365 nunc
1550 1279 1774 1387 potentior
1802 1289 1870 1364 est

158 1387 274 1476 tuct?
313 1391 370 1478 Se
386 1391 503 1499 ips03
523 1389 626 1497 quia
643 1414 732 1475 non
748 1399 898 1498 potest
914 1390 989 1474 ille
1041 1391 1098 1479 ad
1117 1390 1387 1479 solvendum.
1430 1392 1578 1478 Hodie
1597 1395 1869 1494 Franciscus,

158 1504 349 1590 mentiri:
374 1503 493 1590 idem
518 1505 615 1611 ipse
643 1511 711 1588 θεῖ
738 1512 782 1588 θῖ
810 1509 988 1588 exsecti·
1041 1507 1189 1612 posito
1234 1509 1442 1614 corpore,
1495 1514 1618 1591 tanto
1670 1505 1868 1610 alocrior,

159 1627 237 1718 tor,
256 1627 303 1704 et
321 1617 506 1704 debitor.
532 1615 575 1702 N
577 1642 635 1702 on
649 1615 791 1704 critin
804 1615 987 1702 redden·
1043 1628 1207 1725 quanto
1244 1618 1491 1727 expeditior
1532 1618 1782 1726 penetravit
1824 1619 1869 1702 in

158 1729 216 1816 do
240 1727 395 1832 durus,
421 1731 496 1838 qui
519 1729 728 1841 profusus
753 1739 821 1816 est
841 1730 887 1814 in
904 1729 986 1815 lar·
1042 1741 1205 1834 sancta,
1225 1731 1376 1816 similis
1395 1732 1535 1818 saeuis
1552 1731 1598 1815 in
1616 1731 1757 1836 gloria
1772 1758 1867 1817 san·

157 1843 332 1947 giendo.
374 1844 535 1947 Crede,
556 1843 710 1945 homo,
728 1844 843 1945 Deo,
866 1843 987 1950 quod
1042 1849 1224 1931 ctorum.
1273 1843 1420 1931 Hodie
1451 1844 1663 1953 despecto
1693 1843 1869 1948 mundo,

157 1955 235 2042 tibi
264 1957 388 2044 Deus
423 1956 563 2044 dedit:
597 1958 764 2064 majora
799 1956 987 2044 reddere
1042 1967 1087 2044 et
1101 1955 1253 2044 mundi
1272 1958 1473 2067 principe
1489 1956 1776 2065 triumphoto,
1800 1985 1867 2043 su·

157 2070 261 2174 vult,
282 2096 382 2157 cum
400 2071 494 2158 vult
513 2071 675 2159 debere
692 2070 886 2175 largitor.
1040 2097 1122 2181 pra
1143 2069 1355 2157 mundum
1372 2096 1477 2158 vere
1495 2071 1638 2156 victor
1659 2071 1869 2177 ascendit,

210 2187 278 2271 Te
296 2185 440 2271 Deum
457 2185 697 2272 laudemus.
1040 2186 1261 2295 accipiens
1293 2183 1349 2271 de
1374 2209 1507 2270 manu
1532 2183 1710 2270 Domini
1744 2190 1867 2272 coro·

157 2309 987 2320 Ἣ
1038 2325 1141 2384 nam
1150 2297 1360 2384 victoriae.
1381 2296 1594 2385 Ascendit
1607 2307 1756 2384 autem
1769 2323 1869 2384 cum

465 2364 675 2444 00t³l⁷³
1038 2412 1250 2497 immensa
1295 2410 1558 2520 supellectili
1600 2411 1868 2515 meritorum,

109 2520 113 2559 ¹
264 2495 310 2578 Β·
337 2493 595 2581 mancusos
620 2494 682 2580 (10
706 2492 877 2581 saura.
1040 2524 1184 2610 eurus
1201 2523 1448 2633 triumphis,
1470 2524 1692 2610 miracus
1708 2524 1867 2630 glorio-

207 2719 220 2788 1
297 2719 299 2724 ,
360 2719 374 2733 ,
486 2605 674 2758 euplus..
768 2741 773 2756 ἱ
1038 2663 1130 2723 sus:
1154 2635 1281 2724 sedet
1299 2642 1533 2724 veteronus
1550 2636 1693 2742 miles,
1719 2637 1868 2727 debita

157 2741 265 2902 proba
282 2719 537 2884 Ῑόςξῑῇξᾚ
572 2719 774 2786 lectiones
809 2721 855 2786 ἀρ
887 2724 983 2788 Μ’
1037 2751 1353 2858 jamsuavitote
1369 2761 1414 2838 et
1428 2753 1664 2839 securitdte
1679 2752 1868 2860 quietus3

1039 2872 1221 2952 securus
1256 2864 1434 2972 quidem
1468 2864 1571 2970 sibi,
1611 2865 1693 2952 sed
1727 2867 1868 2952 nostri

389 2953 439 3032 1¹1
457 2953 507 3032 Π·
527 2953 750 3032 NOG’lUfflO·
1039 2978 1265 3066 sollicitus.
1320 2979 1359 3066 Ο
1397 2979 1691 3065 venerendam
1735 2980 1868 3065 etiam

159 3085 222 3164 De
246 3079 460 3170 Sermone
484 3083 526 3170 S.
548 3081 763 3168 Bemordi
786 3081 986 3170 Abbotis.
1037 3093 1147 3200 ipsis
1185 3093 1364 3200 Angelis
1401 3091 1698 3179 sanctitatem!
1734 3120 1866 3200 quam

336 3207 453 3278 Serm.
471 3208 500 3276 2.
520 3207 566 3276 de
585 3206 619 3277 S.
633 3207 800 3277 Victore·
1038 3206 1136 3314 pari
1155 3207 1320 3310 studio,
1343 3207 1427 3293 etsi
1445 3205 1611 3313 dispari
1629 3207 1866 3312 voluntdte,

457 3320 607 3404 Lectio
628 3321 680 3401 iv.
1039 3330 1084 3406 et
1118 3319 1221 3404 mali
1256 3319 1461 3425 bigitant,
1506 3330 1552 3405 et
1587 3319 1868 3428 frequentant

171 3446 199 3495 1*
286 3428 448 3515 audete
479 3430 524 3514 in
550 3430 762 3538 Domino,
796 3431 985 3520 dilectis·
1037 3430 1158 3516 boni!
1198 3431 1295 3517 Nec
1312 3431 1441 3518 focile
1460 3431 1656 3534 dixerim,
1682 3433 1789 3539 quid
1806 3434 1865 3518 vi-

186 3544 246 3651 i
303 3541 417 3646 simi,
441 3543 516 3649 qui
537 3543 652 3631 inter
669 3551 875 3634 continua
893 3575 986 3634 suae
1036 3570 1135 3631 rum
1170 3550 1338 3632 esonat
1379 3545 1664 3648 sanctiorem,
1708 3546 1865 3632 horum

302 3656 483 3763 pietotis
535 3654 751 3744 beneficia
802 3659 985 3749 inddlsit
1037 3657 1173 3762 favor,
1191 3668 1267 3745 aut
1284 3683 1424 3765 pavor
1441 3658 1627 3744 illorum.

155 3767 379 3856 hominem
400 3768 584 3875 mundo,
608 3773 731 3877 cuius
753 3774 878 3860 multi
904 3775 984 3860 sal·
1089 3787 1140 3888 lu.
1164 3780 1344 3865 Amovit
1362 3804 1473 3865 eum.

156 3887 362 3969 verentur
397 3884 611 3992 exemplo.
663 3885 829 3971 Iterum
867 3885 984 3972 dico:
1343 3897 1493 3980 Lectio
1514 3899 1567 3980 vi.

155 3994 377 4100 Gaudete,
414 3995 536 4104 quod
570 3998 713 4084 factm
746 3996 802 4085 de
837 4000 984 4088 medio
1146 4005 1273 4091 miles
1297 4005 1491 4112 emerite,
1517 4005 1591 4114 qui
1616 4005 1864 4093 christionae

155 4111 438 4219 appropiavit
460 4111 576 4213 Deo,
600 4122 650 4200 ut
669 4114 810 4200 multo
835 4114 984 4221 plures
1164 4118 1331 4205 militiae
1351 4117 1472 4205 duris
1489 4118 1716 4205 laboribus
1736 4126 1863 4226 ange·

155 4225 245 4328 ejus
289 4223 606 4312 intercessione
647 4226 880 4312 salventur.
932 4229 984 4312 In
1035 4234 1133 4318 licae
1156 4232 1378 4318 felicitotis
1403 4234 1600 4341 requiem
1625 4238 1863 4320 commute-

154 4339 284 4423 terris
302 4338 422 4424 visus
445 4350 530 4442 est,
554 4348 605 4426 ut
626 4351 745 4426 esset
763 4341 983 4450 exemplo:
1036 4347 1109 4432 sti!
1127 4346 1300 4454 respice
1317 4345 1374 4431 ad
1391 4345 1591 4432 imbelles
1610 4357 1655 4433 et
1672 4346 1863 4433 imbecil-

153 4449 196 4534 in
212 4450 376 4540 coelum
399 4451 571 4538 levdtus
590 4464 672 4558 est,
697 4465 745 4540 ut
764 4454 821 4540 sit
838 4464 983 4562 patro·
1033 4460 1100 4545 les
1131 4459 1450 4546 commilitones
1484 4470 1606 4563 tuos,
1644 4461 1719 4567 qui
1751 4462 1863 4547 inter

154 4565 280 4652 clnio.
320 4567 407 4653 Hic
425 4567 632 4654 informat
649 4568 708 4655 ad
725 4569 877 4672 vitam;
894 4569 983 4655 illic
1034 4573 1217 4660 horstile
1248 4569 1421 4677 gladios
1453 4583 1498 4660 et
1533 4575 1756 4682 spiritdles
1790 4600 1861 4660 ne·

154 4677 311 4766 invitat
334 4678 392 4767 ad
416 4681 615 4788 gloriam:
640 4683 781 4768 lactus
805 4691 874 4768 est
895 4709 982 4770 me·
1035 4687 1195 4793 quitias
1226 4685 1314 4771 tuis
1348 4684 1552 4773 leodibus
1584 4692 1862 4795 occupemur.

155 4789 301 4880 dietor
322 4794 381 4880 ad
404 4819 604 4902 regnum,
630 4796 706 4903 qui
730 4796 811 4883 luit
833 4795 981 4884 incito·
1035 4799 1177 4900 Quam
1206 4798 1348 4905 pium,
1385 4823 1518 4906 quam
1550 4797 1697 4901 dulce,
1730 4824 1862 4905 quam

154 4915 223 4992 tor
240 4905 300 4994 ad
319 4933 443 5016 opus.
483 4909 636 4995 Bonus
653 4908 882 5014 mediator,
908 4911 983 5018 qui
1034 4913 1184 5014 suove,
1203 4936 1231 4997 ο
1249 4911 1498 5014 Francirce,
1515 4911 1561 4995 in
1578 4911 1664 4998 hoc
1682 4910 1783 4998 loco
1802 4914 1861 4998 af·

155 5017 238 5106 sibi
260 5023 347 5126 jam
369 5021 600 5130 postulans
624 5021 749 5126 nihil,
773 5032 916 5109 totum
937 5023 982 5108 in
1033 5023 1238 5110 dictionis
1261 5034 1306 5112 et
1327 5025 1476 5130 inhoc
1498 5029 1686 5132 corpore
1706 5029 1862 5113 mortis

155 5157 234 5219 nos
250 5134 491 5221 transferre
511 5133 736 5222 desiderat
754 5148 799 5222 et
816 5137 981 5246 suppli·
1032 5147 1077 5224 te
1109 5141 1288 5238 cinere,
1316 5146 1361 5223 te
1392 5139 1559 5236 colere,
1593 5148 1638 5225 tc
1667 5141 1861 5248 preceril

156 5245 294 5332 cantis
321 5245 542 5352 affectum,
574 5263 619 5336 et
645 5250 980 5360 supplicationi·
1031 5249 1206 5336 Nomen
1227 5259 1367 5355 tuum,
1391 5261 1436 5338 ct
1458 5253 1713 5338 memoriale
1736 5263 1860 5340 tuum

156 5357 363 5446 fructum:
398 5359 506 5470 quid
539 5365 654 5450 enim
686 5376 856 5472 quaerat
887 5363 980 5468 sibi,
1032 5364 1157 5450 levus
1183 5362 1402 5450 distillans
1431 5365 1476 5449 in
1505 5364 1633 5450 lobiis
1665 5367 1859 5473 captivo·

156 5473 228 5579 qui
253 5474 415 5562 nullius
442 5475 565 5581 eget?
1032 5501 1144 5581 rum,
1166 5477 1254 5563 mel
1271 5488 1317 5566 ct
1330 5479 1400 5565 lac
1422 5478 1504 5564 sub
1526 5478 1675 5585 lingua
1697 5484 1860 5584 eorum,

208 5591 258 5694 lt.
281 5589 528 5678 Honestum
545 5590 661 5678 lecit.
1032 5591 1108 5699 qui
1129 5592 1195 5678 tui
1218 5593 1430 5682 memoria
1452 5591 1736 5682 delectentur.
1781 5593 1860 5702 Eja
