4322 6182
795 495 912 565 Festa
934 497 1146 569 Februarii.
1171 501 1248 588 (11.)

370 677 454 764 Die
473 680 532 761 14.
550 677 789 763 Februarii.
1043 681 1224 769 fratrem
1251 711 1395 788 suum,
1423 687 1499 793 qui
1526 697 1632 775 tunc
1657 693 1872 799 temporis

231 816 276 900 s,
293 813 554 900 Nostriani
587 816 732 922 Ερῑςρ,
752 822 796 897 et
816 813 935 896 conf,
1043 795 1088 879 in
1103 797 1344 906 Campania
1357 801 1569 906 praetorio
1584 808 1764 890 monere
1778 804 1871 889 fun·

496 935 661 1026 Duplex.
1042 907 1239 1013 gebatru,
1262 911 1318 996 ab
1337 915 1430 1019 ejus
1447 912 1609 1000 finibus
1626 915 1773 1024 ipsum
1789 919 1871 1024 eje·

212 1045 353 1116 Omnia
385 1047 432 1117 de
464 1047 668 1118 Communi
697 1047 806 1120 Conf.
834 1047 992 1135 Pontii,
1043 1023 1163 1108 θθῐὶἰ
1220 1029 1273 1134 11
1290 1025 1445 1111 Inveni
1462 1026 1620 1113 David·

162 1153 306 1229 praeter
329 1147 541 1234 sequentia.
1357 1143 1510 1229 Lectio
1529 1173 1567 1230 v.
1689 1197 1694 1206 ·
1913 1175 1917 1196 '

499 1250 665 1334 Oratio.
1132 1273 1188 1332 na
1223 1275 1325 1336 cum
1367 1250 1474 1336 tidei
1518 1250 1666 1338 stadio
1710 1255 1871 1341 caritas

251 1359 397 1443 omine
424 1358 450 1443 J
452 1383 530 1443 esu
557 1357 749 1461 Christe,
783 1359 858 1465 qui
888 1358 989 1444 bea·
1159 1359 1321 1449 Christi
1362 1363 1645 1452 vehementer
1686 1365 1873 1472 urgebat

273 1481 370 1556 tum
380 1471 423 1556 N
425 1471 667 1558 ostrianum
681 1472 991 1558 Confessorem
1040 1471 1083 1555 N
1085 1475 1349 1578 ostrianum,
1403 1477 1477 1584 qui
1525 1475 1724 1585 ejdsdem
1764 1477 1872 1567 fidei

160 1595 286 1670 tuum
316 1593 450 1691 atque
479 1585 743 1671 Pontificem
777 1583 990 1670 adversus
1042 1587 1340 1692 confessores,
1383 1590 1498 1676 inter
1544 1616 1655 1698 quos
1692 1605 1871 1679 sanctos

159 1695 265 1783 fidei
307 1697 462 1783 hostes
505 1697 682 1785 invictae
717 1698 989 1784 fortitudinis
1041 1703 1280 1809 episcopos
1299 1702 1573 1807 Carthaginis
1592 1715 1638 1789 et
1651 1705 1870 1813 Bithyniae

157 1809 321 1897 robore
338 1810 557 1896 illustrare
576 1808 781 1916 dignatus
799 1836 862 1897 es:
886 1836 988 1897 con·
1041 1811 1400 1914 Quodvultdeum
1410 1828 1456 1902 et
1466 1816 1752 1920 Gaudiosum,
1762 1819 1872 1904 Van·

157 1921 269 2009 cede
289 1925 527 2033 propitius;
549 1935 600 2009 ut
622 1922 781 2011 eodem
801 1950 883 2010 nos
903 1929 988 2033 spi·
1041 1924 1243 2012 dalorum
1252 1929 1517 2016 Arianorum
1529 1931 1800 2018 immanitate
1815 1958 1871 2017 ex

157 2037 247 2122 ritu
273 2036 451 2146 repleti,
481 2037 539 2124 ab
570 2039 765 2124 omnium
794 2038 989 2125 hostium
1039 2039 1192 2126 Africa
1216 2040 1445 2150 depulsos,
1472 2043 1667 2151 hospitio
1692 2046 1870 2152 recepit,

156 2149 328 2236 insidiis
361 2151 706 2238 misericorditer
740 2151 987 2237 liberemur.
1040 2153 1246 2260 expensis
1281 2155 1392 2242 fovit
1426 2162 1631 2264 curisque
1667 2157 1870 2244 omnibus

158 2263 244 2365 Qui
271 2264 394 2350 vivis.
1039 2264 1299 2354 sublevavit.
1317 2270 1427 2355 Cum
1438 2279 1587 2356 autem
1596 2295 1679 2378 per
1689 2275 1871 2380 septem·

214 2385 384 2456 Comcm.
401 2387 526 2458 Feriae
543 2397 580 2457 et
595 2389 630 2460 S.
643 2387 842 2460 Valentini
857 2391 989 2462 Presb.
1039 2377 1184 2465 decim
1198 2406 1335 2468 annos
1349 2381 1554 2472 fidelibus
1567 2382 1652 2469 Sibi
1670 2388 1869 2470 commis·

158 2495 194 2552 tt
220 2483 329 2553 Mart.
375 2591 386 2603 .
690 2592 696 2604 Ι
876 2591 884 2608 ‚
956 2591 964 2608 ‚
1039 2492 1099 2577 sis
1119 2493 1324 2604 exemplo
1348 2496 1565 2582 fuissetin
1584 2494 1801 2600 doctrina,
1824 2499 1870 2582 111

210 2589 251 2658 ln
290 2589 317 2658 Ῑ.
351 2589 551 2660 boetiano
590 2591 795 2698 LCCilOllCS
838 2591 987 2664 Frdehs
1039 2608 1390 2712 conversatione,
1409 2609 1455 2695 in
1473 2612 1692 2715 castitate,
1710 2613 1755 2696 in
1773 2637 1868 2718 gra.

155 2704 297 2757 sermo.
321 2685 368 2756 de
394 2686 597 2756 Communi
624 2687 651 2757 1.
674 2689 775 2758 loco.
1038 2719 1196 2824 vitate,
1213 2721 1273 2806 pin
1298 2722 1428 2809 bonis
1455 2723 1685 2833 operibus,
1713 2734 1868 2811 sancto

391 2828 441 2906 In
459 2828 510 2907 Π.
530 2827 564 2904 N
568 2829 754 2912 coturno.
1037 2831 1125 2918 fine
1148 2835 1315 2939 quievit
1331 2837 1497 2922 saeculo
1521 2839 1675 2943 quinto
1697 2842 1867 2925 verten-

463 2947 616 3030 Lectio
636 2951 689 3031 iv.
1038 2952 1100 3048 11,
1131 2960 1175 3032 11
1201 2947 1246 3032 in
1272 2961 1428 3058 crypta
1454 2950 1696 3037 coemeterii
1726 2952 1868 3038 sancti

318 3060 509 3146 strianus
538 3060 861 3170 Neapolitanus
896 3065 985 3171 epl·
1039 3057 1257 3146 Gaudiosi
1274 3061 1473 3170 sepoltus
1492 3075 1570 3152 est

151 3059 468 3344 'oscopus
485 3198 541 3260 eo
558 3177 760 3282 tempore
778 3199 904 3261 suam
920 3201 985 3262 re·
1095 3175 1147 3277 ll.
1166 3173 1302 3260 Posui
1321 3175 1595 3282 adJutorium.

303 3295 370 3372 1111
395 3285 645 3390 eeclesiam,
673 3313 762 3395 quo
789 3289 834 3372 111
861 3290 985 3374 Cam·
1346 3288 1500 3370 Lectio
1521 3291 1574 3370 vi.

149 3401 299 3509 pania,
321 3400 430 3487 diris
447 3400 738 3488 barbarorum
755 3402 896 3510 copiis
914 3427 986 3488 ex·
1040 3389 1257 3602 Dehinc
1293 3400 1468 3488 decimo
1503 3427 1646 3512 prope
1680 3410 1866 3491 1111111111

150 3516 338 3621 agitata,
360 3513 597 3620 Pelagiana
617 3514 799 3601 haeresis
817 3540 985 3620 grassa·
1147 3513 1311 3600 saeculo
1325 3516 1466 3601 sancti
1479 3516 1683 3624 praesulis
1696 3517 1739 3601 N
1740 3519 1865 3604 ostri·

150 3628 297 3716 batur.
324 3632 387 3716 At
402 3639 582 3714 sanctus
598 3630 764 3736 praesul
781 3653 868 3714 una
886 3654 986 3716 cum
1038 3625 1111 3710 ani
1129 3652 1293 3736 corpus
1311 3653 1367 3714 ex
1385 3652 1438 3714 eo
1454 3631 1709 3716 coemeterio
1727 3641 1864 3716 trans·

149 3743 289 3830 beato
319 3743 541 3851 Prospero
572 3743 818 3850 Aquitano,
855 3768 986 3850 quem
1036 3739 1173 3826 latum
1198 3754 1266 3827 est
1288 3740 1334 3824 in
1360 3741 1504 3827 aedem
1530 3755 1685 3829 sancto
1708 3744 1734 3827 J
1735 3747 1864 3830 anua·

149 3857 247 3944 Leo
276 3855 445 3965 primus
469 3857 673 3943 Summus
695 3855 900 3942 Pontifex
926 3856 985 3942 ad
1036 3853 1103 3938 rio
1122 3877 1294 3938 sacram
1311 3850 1369 3939 ad
1387 3854 1644 3958 diaconiam,
1663 3881 1763 3963 quae
1782 3857 1866 3942 sita

149 3968 389 4057 delendam
410 3970 615 4056 heresim
635 3970 681 4054 in
700 3969 985 4077 Campaniam
1036 3977 1105 4052 est
1134 3968 1179 4049 in
1208 3966 1358 4075 platea
1388 3991 1445 4053 ex
1473 3967 1613 4075 ipsius
1638 3969 1866 4055 Nostriani

148 4089 353 4187 miserat,
383 4095 508 4170 tanta
536 4081 773 4178 desudavit
802 4109 909 4168 cura
938 4095 984 4170 et
1035 4081 1211 4165 nomine
1239 4080 1345 4165 olim
1371 4086 1643 4189 nuncupata,
1673 4083 1777 4189 quia
1802 4082 1865 4168 ibi

149 4195 377 4303 vigilantia
397 4197 443 4282 in
465 4196 554 4285 lide
577 4194 742 4283 tuenda
765 4197 821 4282 ab
846 4196 982 4281 haere·
1036 4203 1215 4278 sanctus
1242 4191 1316 4279 hic
1342 4194 1506 4302 praesul
1529 4193 1736 4282 balneum
1763 4220 1864 4281 con·

148 4310 342 4396 ticorum
358 4309 601 4412 conatibus,
618 4319 668 4394 ut
683 4313 836 4396 eorum
851 4309 982 4394 auda·
1035 4313 1267 4409 struxerat
1291 4331 1415 4393 more
1439 4313 1592 4394 eorum
1612 4313 1865 4417 temporum

149 4425 266 4509 ciam
288 4424 464 4531 penitus
482 4422 745 4510 contuderit
779 4423 848 4506 Ex
865 4423 982 4507 nefa·
1033 4429 1085 4503 ut
1117 4419 1315 4506 fidelium
1357 4423 1590 4508 inserviret
1625 4421 1864 4507 commodi·

148 4537 217 4623 rio
237 4540 392 4623 eorum
413 4559 547 4644 grege
565 4536 746 4644 quidam
761 4535 982 4622 eminebat
1033 4533 1134 4635 tati,
1166 4538 1402 4640 antequam
1431 4535 1476 4618 in
1503 4533 1735 4620 ecclesiam
1761 4559 1863 4620 con·

148 4650 328 4736 nomine
366 4649 546 4751 Florus,
591 4649 666 4757 qui
711 4646 982 4735 seductionis
1032 4651 1245 4732 venirent
1282 4648 1336 4730 In
1360 4646 1481 4733 dicta
1504 4671 1610 4733 vero
1635 4648 1775 4733 sancti
1792 4647 1862 4731 Ja-

147 4763 306 4872 spiritu
325 4762 547 4871 abreptus,
565 4760 799 4848 dictitabat
816 4787 865 4848 se
883 4787 983 4850 esse
1033 4759 1173 4843 nuarii
1208 4759 1307 4846 aede
1341 4759 1498 4846 subtus
1541 4759 1679 4846 altare
1721 4761 1863 4866 majus

146 4875 388 4983 praeditum
409 4876 572 4962 virtute
596 4899 650 4961 ac
674 4875 833 4960 merito
861 4875 981 4960 beati
1033 4870 1225 4958 conditae
1252 4872 1374 4959 fuere
1396 4872 1517 4959 beati
1540 4871 1768 4958 Nostriani
1790 4897 1862 4958 ex·

146 4989 283 5090 Sosii,
319 4989 395 5095 qui
424 4988 765 5098 praeclarissimo
795 4987 981 5095 Martyri
1032 4985 1164 5090 uviae3
1189 4984 1265 5071 ubi
1280 4985 1482 5094 pleribus
1501 4984 1666 5094 elapsis
1688 4985 1862 5071 saeculis

145 5103 356 5190 Ianuario
374 5103 420 5186 in
436 5104 645 5210 passione
663 5126 813 5188 comes
826 5100 980 5204 fuerat,
1031 5099 1200 5185 latuere
1233 5125 1376 5207 usque
1408 5099 1467 5185 ad
1497 5125 1659 5185 annum
1688 5099 1861 5184 millesi-

145 5229 196 5303 ut
218 5215 437 5325 populum
453 5213 785 5302 christifidelem
802 5214 978 5301 (11111111-
1031 5239 1152 5298 mum
1169 5214 1538 5299 sexcentesimum
1558 5213 1778 5300 decimum
1796 5236 1862 5297 se·

146 5335 274 5432 taret,
288 5343 334 5418 et
347 5328 405 5415 ad
416 5333 611 5416 errorem
623 5327 980 5436 amplectendum
1032 5325 1234 5412 cundum.
1285 5325 1412 5412 Tunc
1447 5351 1504 5412 ex
1538 5327 1764 5433 insperato
1799 5325 1859 5408 in·

147 5443 356 5530 alliceret
396 5442 513 5528 Huic
540 5447 744 5528 sermone
771 5450 817 5527 et
842 5445 980 5548 opere
1031 5443 1176 5525 ventae
1196 5438 1311 5525 adeo
1329 5445 1511 5525 suavem
1525 5438 1741 5524 diffudere
1755 5435 1861 5523 odo

146 5557 208 5644 ita
220 5555 386 5642 restitit
397 5555 673 5657 Nostrianns‚
690 5564 740 5639 111
753 5554 886 5640 etiam
897 5578 979 5661 per
1030 5577 1143 5655 rem,
1186 5563 1238 5638 ut
1275 5554 1504 5640 coelestem
1537 5554 1687 5661 potius
1729 5575 1860 5658 quam
