4290 6188
922 517 1037 588 Festa
1061 519 1247 588 ianuarii.
1273 519 1350 604 (22.)

283 731 398 790 rum:
426 703 472 787 in
497 703 651 790 fraude
683 706 1115 793 circumvenientium
1330 714 1418 800 Ad
1444 715 1839 803 Metuainum

283 818 406 904 illum
428 817 551 904 affut
572 819 651 921 illi
675 817 991 929 descenditque
1015 846 1115 907 cum
1219 839 1342 922 invit.
1372 840 1535 926 Beatus
1552 841 1813 928 vincentius
1833 843 1994 932 curius

282 933 359 1018 fflO
386 932 431 1018 in
458 933 649 1034 sbveam,
678 944 721 1020 θῒ
746 935 791 1018 in
813 934 999 1021 Vl'llClffiS
1025 959 1114 1020 non
1164 962 1331 1061 martyr
1344 952 1587 1062 trifimphat
1600 956 1895 1043 coronfimgin
1910 983 1992 1044 σω.

283 1045 669 1153 dereliqutfflum·
1164 1065 1993 1170 m=*venue,au0ramusuamsnun

593 1203 804 1308 Hymnus,
1218 1182 1287 1262 Ps.
1315 1180 1481 1285 Venite,
1499 1182 1781 1268 exsultemus.

369 1352 488 1429 artas
511 1342 720 1429 horrifico
746 1345 953 1454 supplicii
977 1345 1113 1434 modo
1201 1362 1206 1372 '
1473 1331 1684 1433 Hymnus·

394 1456 569 1542 Palmas
592 1465 726 1563 atque
750 1455 885 1544 decus
907 1461 1113 1568 martyris
1257 1459 1447 1546 elassata
1465 1460 1582 1548 senis
1600 1459 1748 1563 lingua
1765 1463 1934 1550 Valerii

592 1570 746 1679 inclyti
1281 1576 1391 1678 Quae
1408 1574 1610 1685 proferre
1627 1575 1794 1681 nequit,
1818 1575 1992 1682 dagma-

334 1683 513 1770 Festivo
556 1686 765 1771 resonent
802 1685 994 1772 carmine
1038 1691 1112 1795 pe·
1273 1689 1279 1702 '
1423 1697 1469 1774 ta
1487 1687 1692 1773 nuntians

595 1807 721 1884 ctora
1218 1801 1350 1886 Certo
1368 1799 1580 1908 martyrio
1597 1825 1687 1886 non
1704 1801 1861 1888 timido
1879 1802 1993 1912 pede

333 1910 612 1999 Exsultantia
628 1911 804 2016 gaudio.
1216 1913 1258 2000 It
1275 1914 1534 2002 Vincentius
1555 1913 1742 2001 ebriam

285 2055 523 2141 Cesserunt
540 2052 677 2154 fririae,
694 2053 827 2139 cessit
845 2053 1054 2140 atrocitas
1165 2053 1323 2141 Sectus
1341 2056 1579 2159 sanguineo
1598 2051 1784 2139 verbere
1807 2051 1994 2140 traditur

245 2211 253 2227 ·
333 2165 551 2254 Illaudata
568 2166 651 2252 seri
668 2164 834 2274 judicis,
852 2167 1029 2272 ignium,
1216 2166 1477 2255 Mactandus
1508 2165 1672 2253 fidibus
1698 2165 1993 2254 discrucianti·

334 2281 560 2383 Vincenti,
612 2277 759 2366 rabies
802 2280 934 2386 fugit,
987 2281 1113 2369 abest
1422 2279 1523 2383 bus;

593 2392 751 2499 procul
1215 2395 1405 2481 Intensis
1423 2394 1565 2480 variat
1583 2393 1800 2479 carnificis
1818 2391 1942 2479 fruor

335 2505 481 2592 Caedis
499 2506 627 2622 triste
645 2507 902 2616 periculum.
1216 2509 1515 2595 Instrumenta
1534 2505 1776 2593 dolaribus.

282 2635 539 2732 Truduntur
555 2646 725 2756 rapidis
743 2649 907 2734 saecula
926 2651 1112 2754 sae'culis,
1163 2643 1320 2734 Prunis
1342 2646 1587 2756 suppositis
1609 2650 1821 2753 crateque
1843 2645 1994 2746 ferrea,

332 2760 391 2846 Et
410 2785 540 2846 cursu
558 2760 759 2847 revolant
775 2760 1068 2869 irrevocabili,
1215 2760 1527 2869 Vimperferre
1542 2758 1616 2845 diu
1631 2759 1993 2866 cegiturrbneam

332 2873 429 2960 Stat
447 2877 710 2983 semperque
728 2876 865 2961 sacris
883 2876 1017 2964 stabit
1035 2877 1110 2965 ho·
1216 2875 1359 2977 Quam
1393 2873 1537 2958 solum
1570 2871 1717 2958 valeat
1746 2881 1901 2959 sancta
1931 2898 1992 2959 re·

591 2986 773 3074 neribus
1423 2984 1590 3095 pellere

332 3100 450 3185 Laus
467 3100 735 3188 immobilior
752 3110 839 3187 tua.
1215 3099 1392 3189 Ardens
1410 3102 1594 3208 pectore
1612 3099 1787 3204 caritas„

283 3240 356 3342 Te,
374 3239 551 3327 lucente
572 3241 695 3349 polu,
721 3240 865 3328 donec
885 3255 986 3331 eant
1004 3241 1111 3350 dics,
1164 3239 1301 3328 Uncis
1318 3240 1419 3329 viva
1442 3263 1546 3326 caro
1573 3237 1787 3326 scinditur
1809 3240 1992 3346 ungulis,

332 3352 598 3441 Laudabunt
611 3354 850 3494 'heminam
881 3356 1110 3463 plausibus
1216 3353 1479 3485 Candentes·
1492 3355 1709 3441 renovant
1730 3353 1914 3444 vulnera
1934 3354 1992 3439 la·

331 3468 815 3722 Responsabssl'thgirgns
860 3593 1022 3692 coetus,
1067 3594 1113 3671 et
1213 3492 1467 3684 Dejecturrlrn
1455 3490 1648 3689 plr‘let'isin
1662 3578 1885 3686 specubus
1897 3604 1988 3690 pre·

330 3707 975 3918 Numquamzulssec'ssrassseitia.
1215 3703 1547 3914 Testaecrffpuffi
1567 3804 1743 3891 aculeis.

282 3941 457 4033 Summa
474 3946 606 4034 laude
623 3950 769 4052 Pater,
791 3949 934 4036 Natus
958 3959 1001 4036 et
1018 3951 1109 4036 uini·
1163 3943 1243 4035 Vis
1262 3945 1413 4034 audire
1427 3973 1591 4033 novum
1609 3943 1815 4053 supplicii
1832 3941 1986 4050 genus?

539 4088 628 4161 cus,
1214 4061 1287 4149 Sic
1325 4061 1491 4147 fessum
1531 4057 1727 4154 thalamo
1765 4063 1985 4167 purpureo

329 4175 515 4261 Dicatur
538 4176 704 4285 pariter
720 4177 764 4263 N
766 4203 874 4263 exus
897 4178 1109 4282 amabilis,
1421 4174 1570 4259 locant

329 4287 525 4376 Indivisa
537 4316 719 4376 manens
729 4293 906 4378 numine
915 4291 1109 4378 Trinitas
1213 4291 1334 4375 Inter
1353 4287 1536 4374 delicias
1555 4288 1761 4392 sertaque
1780 4286 1934 4372 flereat

328 4402 469 4506 Nunc,
487 4403 603 4506 olim,
621 4404 715 4491 sine
732 4406 932 4492 termino.
1212 4403 1309 4490 Nec
1326 4400 1575 4490 constantia
1592 4398 1818 4503 frangitur.

587 4520 742 4603 Amen·
1162 4538 1295 4628 Suma
1312 4539 1442 4626 laude
1455 4540 1599 4637 Pater,
1611 4536 1754 4623 Natus
1769 4547 1813 4624 et
1826 4539 1987 4640 inicus,

334 4648 384 4753 l's·
404 4658 505 4747 Fuit
537 4684 723 4764 magnus
754 4657 998 4745 secundum
1030 4686 1106 4747 no·
1212 4657 1398 4742 Dicatur
1419 4653 1587 4762 pariter
1600 4651 1644 4738 N
1645 4676 1754 4737 exus
1780 4650 1988 4754 amabilis,

277 4799 379 4858 men
407 4799 545 4858 suum.
598 4769 652 4876 li.
676 4771 896 4857 Maximus
923 4773 969 4857 in
995 4774 1106 4858 salu·
1211 4769 1407 4856 Indivisa
1415 4791 1599 4858 manens
1610 4765 1789 4852 numine
1798 4764 1988 4853 Trinitas

278 4895 369 4972 tem
396 4886 637 4974 electarum
664 4886 759 4971 Dei
1212 4883 1351 4986 Nunc,
1370 4880 1487 4984 olim,
1505 4878 1811 4966 sinetermino.
1837 4877 1988 4966 Amen.

333 5020 404 5106 Ad
423 5021 598 5125 Magnis.
625 5025 724 5108 Ant.
753 5025 863 5112 Cum
883 5027 1108 5113 transieris
1404 5033 1453 5112 ln
1473 5032 1503 5111 Ι.
1523 5030 1747 5111 Nocturna

275 5163 357 5248 per
380 5163 535 5245 aquas,
562 5149 709 5226 tecum
733 5165 828 5240 ero,
857 5150 901 5226 et
927 5141 1107 5226 flt'lmina
1213 5167 1312 5248 Ant.
1341 5165 1502 5262 Factus
1525 5193 1573 5254 es
1598 5171 1834 5278 susceptor
1856 5088 1987 5269 meris

275 5277 365 5387 non
389 5252 590 5361 operient
606 5261 667 5339 te:
691 5279 791 5338 cum
809 5251 1108 5384 ambulaveris
1160 5280 1364 5386 Domine,
1391 5290 1436 5369 et
1455 5281 1674 5387 festigium
1691 5307 1839 5369 meum
1855 5283 1902 5366 in
1919 5280 1987 5367 die

277 5393 323 5450 ιιι
340 5391 452 5471 rgne,
468 5390 559 5451 non
573 5366 855 5468 comburens,
874 5375 919 5453 et
931 5367 1108 5452 flamma
1159 5393 1455 5482 tribulationis
1472 5421 1595 5481 meae,

275 5505 365 5565 non
383 5478 555 5567 ardebit
572 5480 617 5564 in
636 5489 693 5568 te.
956 5558 959 5564 ,
1212 5507 1358 5578 Psalmi
1373 5508 1489 5577 trium
1506 5507 1793 5579 Noctu-norum
1813 5505 1861 5576 dc
1879 5505 1984 5592 Com·

333 5605 464 5677 Oratio
488 5615 529 5676 ut
553 5607 652 5676 inira
677 5607 727 5676 ad
750 5606 869 5677 Laud.
897 5611 962 5686 16·Ι
1160 5606 1267 5674 muni
1281 5604 1396 5674 unius
1411 5605 1518 5675 Mart.
