4402 6190
863 541 979 613 Festa
1002 542 1106 613 Jutii.
1130 543 1206 628 (24.)

480 731 633 814 Lectio
655 731 708 815 vi.
1057 735 1170 838 ginis
1190 745 1235 822 et
1251 736 1459 844 Martyris
1478 746 1566 822 tuae
1584 737 1795 824 solemnia
1814 742 1884 826 cd·

176 835 405 1050 Novem
429 850 604 937 circiter
626 851 850 939 mensibus
874 879 900 940 a
922 855 1005 940 Ba·
1056 846 1197 964 limus,
1217 849 1309 956 eius
1327 849 1447 956 apud
1465 859 1509 937 te
1528 853 1773 958 patrocinia
1790 879 1885 939 sen·

297 961 384 1048 silii
414 962 560 1049 fratris
593 963 737 1066 ebitu‚
769 989 901 1071 quem
930 969 1007 1053 illa
1056 961 1227 1048 tiamus.
1252 963 1338 1049 Per
1354 965 1602 1050 Deminum.

172 1077 280 1163 forti
298 1077 445 1161 eminio
462 1075 636 1180 tederet,
661 1077 706 1162 in
722 1079 928 1166 morbum
945 1086 1005 1165 in-
1110 1093 1158 1173 in
1182 1094 1214 1174 Ι.
1233 1094 1454 1197 Vesperis.
1489 1091 1560 1173 Ad
1579 1093 1754 1194 Magnif.
1784 1095 1882 1177 Ant.

171 1188 302 1275 cidit:
347 1214 436 1297 quo
478 1194 683 1299 tempore
727 1191 1004 1298 aGregerio
1057 1206 1152 1309 Ego
1173 1205 1335 1292 dilecto
1353 1232 1469 1312 meo,
1494 1218 1538 1294 et
1556 1207 1743 1295 dilectus
1761 1236 1884 1296 meus

169 1301 378 1410 Nysseno
403 1304 537 1390 fratre
561 1303 775 1406 invisitur,
801 1306 877 1413 qui
895 1309 1004 1392 tem·
1056 1318 1172 1422 mihi,
1194 1320 1269 1426 qui
1285 1321 1482 1428 pescittu
1499 1321 1612 1407 inter
1630 1321 1729 1408 lilia.

171 1413 252 1502 diu
278 1415 399 1526 aPUd
424 1442 523 1505 eam
547 1417 647 1520 ἡῑίῗι
680 1417 890 1524 quamdiu
917 1422 1004 1506 ani·
1109 1459 1152 1530 In
1172 1459 1199 1530 1.
1216 1459 1416 1532 Nocturno
1433 1461 1637 1531 Lectiones
1662 1460 1884 1535 Confitebor

169 1555 292 1616 mam
317 1531 415 1616 Deo
442 1529 648 1618 reddidit.
699 1530 790 1619 Sub
815 1543 1005 1620 mortem
1054 1553 1129 1638 tibi
1150 1554 1325 1628 Domine.
1348 1560 1395 1628 de
1420 1557 1688 1644 Commvirg.
1715 1568 1752 1628 et
1774 1557 1881 1626 Mart.

169 1668 292 1742 vero,
310 1643 471 1752 Sponsi
486 1643 671 1730 caritete
688 1645 926 1748 munerata,
943 1647 1005 1732 ita
1054 1655 1084 1722 2.
1110 1655 1207 1725 loeo.

168 1756 319 1843 Deum
340 1758 516 1865 preceri
541 1758 692 1866 coepit:
719 1759 789 1844 Tu
813 1760 1002 1846 Demine
1280 1778 1330 1855 In
1357 1778 1407 1858 II.
1436 1777 1659 1857 Nocturno.

169 1871 328 1956 mortis
346 1881 512 1956 metum
528 1870 659 1958 nobis
676 1872 1005 1959 abstersistirtu
1354 1914 1507 1998 Lectio
1527 1915 1569 1996 iv

170 1981 373 2085 effecisti,
396 1993 444 2070 ut
460 1983 641 2090 hujusce
658 1985 764 2071 vitae
781 1985 881 2071 finis
899 2011 1003 2072 vere
1064 2059 1083 2092 „
1172 2037 1353 2127 hristina
1389 2041 1550 2128 nobilis
1568 1978 1695 2147 'virgo
1730 2039 1823 2126 Tiri
1839 2041 1884 2127 in

169 2095 302 2182 nobi·
339 2107 457 2184 esset
491 2098 758 2206 principium
793 2097 915 2185 vitae:
955 2109 1004 2185 tu
1189 2103 1400 2239 Hestiaia
1418 2153 1539 2264 apud
1556 2106 1723 2241 Lacun’]
1739 2153 1883 2242 Volgi,

168 2235 199 2293 n
1063 2257 1071 2280 ··
1220 2266 1231 2284 ·
1438 2269 1489 2288 ··
1697 2269 1706 2288 ·

167 2219 328 2425 tr‘ffi’
348 2209 618 2431 &5233ng
641 2222 1002 2411 {essffiosgffi
1157 2292 1308 2351 mum
1331 2265 1516 2355 ethmcrs
1536 2267 1793 2378 parentrbus
1811 2294 1883 2353 na·

168 2445 242 2521 tas
269 2439 466 2524 extrema
489 2437 612 2526 tuba:
638 2447 689 2523 tu
710 2438 817 2523 mihi
841 2437 1002 2526 edhibe
1054 2379 1884 2600 {ffiffierfiffdfflffiffiffi

1053 2605 1354 2715 falsortimque
1379 2605 1564 2694 deerum
1591 2608 1742 2695 edium
1767 2608 1881 2695 edeo

1054 2720 1236 2822 exarsit,
1268 2730 1317 2806 ut
1347 2745 1508 2806 annum
1540 2746 1675 2826 agens
1708 2720 1882 2809 undeci-

1052 2859 1189 2937 mum,
1211 2831 1333 2920 idela
1356 2841 1490 2920 astrea
1512 2844 1647 2941 atque
1665 2837 1883 2940 argentea,

1055 2973 1154 3055 quae
1173 2945 1379 3035 Urbanus
1396 2959 1525 3058 pater
1552 2946 1674 3035 domi
1697 2948 1882 3052 colebat,

168 2549 393 2655 Angelum
418 2550 548 2654 lueis,
581 2552 657 2658 qui
685 2576 756 2637 me
785 2550 918 2639 ducat
945 2551 1002 2637 ad

167 2662 319 2749 locum
355 2665 587 2771 refrigerii,
625 2664 703 2752 ubi
738 2666 899 2772 quietis
934 2675 1002 2752 est

167 2801 303 2882 aqua,
332 2777 379 2862 in
405 2778 503 2864 sinu
530 2783 785 2866 sanctdrum
809 2778 1001 2865 Patrum.

166 2888 283 2975 Haec
301 2888 463 2994 dicens,
483 2892 648 2998 eculos,
666 2918 729 2997 os,
747 2904 794 2979 et
810 2917 888 2979 cor
906 2918 999 2979 cru·

169 3027 224 3088 ce
243 3003 431 3107 signans,
451 3005 555 3091 vitae
573 3005 707 3092 finem
724 3007 830 3091 laeta
847 3031 1000 3113 exspe-

168 3114 332 3202 ctebat.
371 3117 516 3204 Nocte
535 3116 713 3205 demum
731 3117 1001 3222 adveniente,

168 3253 272 3312 cum
305 3238 401 3316 tota
431 3231 477 3314 in
507 3229 688 3335 agendis
718 3233 817 3318 Deo
849 3232 1001 3337 gratiis

169 3352 301 3444 esset,
319 3342 376 3428 ad
393 3345 624 3452 premium
643 3343 752 3430 ebiit
769 3345 815 3432 in
828 3345 1001 3431 coelum

168 3454 303 3561 Cujus
331 3481 492 3565 corpus
517 3457 563 3542 in
589 3482 643 3545 eo
671 3458 927 3566 sepdlchro,
955 3457 1001 3541 in

169 3591 262 3674 quo
284 3568 515 3686 beaterum
541 3576 775 3680 parentum
802 3570 1001 3681 reliquiae

170 3683 466 3788 quiescebant,
485 3683 711 3772 conditum
729 3695 808 3772 est

226 3804 277 3906 li-
301 3797 552 3892 efferentur
570 3806 694 3911 Regi.
954 3911 957 3917 ,
1052 3852 1177 3955 roret,
1198 3849 1401 3938 ausuum
1418 3850 1610 3938 utbunat
1628 3851 1801 3954 adduct,
1821 3861 1883 3938 at-

187 4041 215 4062 „
227 3945 269 4057 In
296 3945 359 4013 ΠΙ.
381 3943 578 4058 ῌοοιιιιιιο
604 3947 773 4018 Humilia
795 3951 832 4018 in
855 3949 1000 4035 Erang.
1053 3989 1139 4070 que
1157 3964 1298 4073 alapis
1311 3966 1502 4074 primum
1519 3966 1702 4073 percuti,
1722 3962 1883 4052 deinde

173 4041 306 4114 brmrle
343 4049 416 4115 errt
450 4062 614 4133 regnum
646 4043 833 4116 coelerum
866 4042 1000 4115 decem

170 4137 399 4229 virginibus.
425 4139 475 4210 de
501 4140 703 4212 Communi
727 4143 832 4232 Virg.

1054 3060 1374 3165 comminderit‚
1396 3061 1700 3171 fragminaque
1718 3065 1882 3171 paupe·

1053 3172 1174 3261 ribus
1200 3173 1459 3280 erogaverit.
1503 3176 1669 3279 Quare
1692 3179 1883 3262 comme·

1052 3296 1123 3372 tus
1151 3285 1375 3390 Urbium,
1407 3289 1484 3397 qui
1510 3299 1555 3376 et
1580 3313 1750 3396 praeses
1778 3297 1883 3390 erat,

1052 3397 1155 3485 tiliae
1180 3401 1495 3504 constentiam,
1520 3410 1570 3488 ut
1594 3400 1651 3487 ad
1675 3399 1883 3510 supersti-

1052 3512 1219 3598 tidnem
1264 3540 1389 3598 suam
1433 3514 1554 3600 illam
1595 3513 1883 3622 pertraheret,

1051 3625 1195 3733 primo
1230 3623 1454 3713 blanditiis
1490 3635 1535 3713 et
1570 3626 1777 3735 precibus
1810 3651 1882 3732 ag·

1051 4077 1309 4164 verberibus
1335 4077 1465 4180 caedi,
1490 4081 1738 4188 postremo,
1764 4079 1881 4164 ferro

1052 4199 1097 4276 et
1115 4190 1282 4277 catenis
1300 4199 1522 4296 onustam,
1546 4194 1590 4276 in
1608 4203 1771 4280 tetrum
1789 4195 1881 4278 car·

432 4322 736 4408 D1024,Ju1fi‚
1052 4328 1198 4390 cerem
1216 4302 1392 4416 detrddi
1409 4306 1544 4414 iussit
1570 4308 1715 4414 Aque
1729 4331 1881 4392 rursus

170 4465 214 4550 S.
236 4464 505 4553 curtstinae
522 4463 716 4564 Virginis
737 4474 780 4548 et
797 4464 1000 4570 Martyris
1051 4415 1110 4503 ad
1134 4421 1355 4558 mimium
1383 4424 1585 4522 emeata’
1617 4420 1662 4504 in
1690 4419 1881 4529 eqfflssffl

194 4571 311 4655 Ciris
327 4571 442 4657 Patr.
457 4579 593 4682 princ.
609 4578 740 4662 Urbis
754 4579 988 4662 Panonnit.
1051 4530 1334 4618 acefbffifflme
1378 4533 1708 4640 ⁰⁰¹¹t⁰¹q¹¹⁶t¹ffi
1765 4531 1883 4618 Tum

260 4703 416 4792 Duplex
440 4707 467 4776 1.
493 4709 630 4779 classis
655 4731 742 4780 cum
766 4709 921 4780 Octava.
1051 4645 1226 4843 affluis
1251 4656 1296 4732 et
1318 4645 1625 4753 scorpionibus
1648 4643 1762 4786 adef)
1786 4673 1880 4780 ΟΨ·

1160 4783 1209 4844 er
1229 4758 1425 4844 lacereta
1449 4768 1531 4860 est,
1554 4769 1605 4844 ut
1628 4784 1818 4847 eoncrsae
1836 4786 1880 4844 m

174 4823 662 5012 prgaemgeggeffirgimum
686 4831 792 4918 Μ’
822 4837 859 4902 et
880 4831 1000 4911 Mart,
1050 4869 1211 5070 ireistiar.
1230 4897 1385 4958 carnes
1423 4870 1483 4957 ad
1519 4879 1683 4958 terram
1719 4871 1881 4960 dilabe-

391 5112 394 5133 ι
509 5049 672 5135 Oratio.
1106 5113 1157 5216 lp.
1179 5113 1370 5222 Propter
1387 5114 1631 5202 veritdtem.

197 5136 305 5271 (5243
336 5132 378 5257 ᾖ
419 5162 705 5266 mnipotens
733 5161 1000 5268 sempiterne
1474 5244 1481 5258 ,

190 5266 352 5393 Lesas:
427 5273 560 5373 Deus,
576 5271 1001 5380 quiinffimamundi
1362 5245 1513 5326 Lectio
1533 5271 1569 5320 r.

197 5378 382 5501 },§{'‚(7,3
428 5385 570 5491 eligis,
594 5394 643 5471 ut
661 5386 792 5472 sertia
812 5410 1000 5494 quaeque
1147 5383 1186 5468 is
1222 5387 1455 5472 tormentis
1498 5384 1606 5471 nihil
1643 5385 1880 5493 proficiens

256 5508 327 5527 ‘²
427 5498 684 5605 confundes,
695 5499 890 5586 concede
899 5523 999 5608 pro·
1180 5496 1382 5584 immenis
1410 5507 1538 5608 pater
1563 5508 1708 5585 rotam
1733 5499 1881 5608 pareri

168 5609 318 5716 pitius3
336 5621 385 5697 ut
404 5613 480 5719 qui
496 5611 642 5698 beetae
657 5613 890 5700 Christinae
905 5613 1000 5698 Vir·
1051 5608 1181 5718 jubet,
1200 5616 1329 5719 eique
1348 5611 1574 5718 alligetum
1587 5613 1767 5717 virginis
1786 5638 1880 5700 cor·

1051 3740 1230 3843 gressus
1248 3748 1328 3825 est
1371 3739 1480 3826 Mox
1502 3765 1637 3846 quum
1658 3740 1705 3826 id
1722 3739 1883 3824 frustra
2022 3749 2025 3754 “
