4378 6202
988 509 1103 579 Festa
1127 509 1230 579 Julii.
1255 507 1334 594 (il.)

603 702 756 786 Lectio
775 702 829 784 vi.
1232 701 1276 770 In
1299 699 1363 769 HI.
1382 699 1582 768 Nocturno
1608 697 1780 768 Homilia
1803 699 1844 768 in
1864 699 2012 786 Evang.

369 810 528 894 ummis
569 808 749 896 tandem
783 808 1011 895 laboribus
1045 835 1130 918 pro
1182 795 1266 868 Sint
1287 795 1420 869 lumbi.
1446 795 1493 864 de
1518 793 1732 864 Communi.

392 923 478 1009 Dei
495 923 638 1028 gloria
656 923 968 1032 amplificanda
987 925 1130 1009 confe-
1447 935 1532 1022 Die
1550 938 1612 1021 19,
1630 937 1742 1022 Julij,

299 1049 412 1170 ctus,
439 1039 717 1144 mortemque
741 1037 1030 1169 praesentiens
1054 1037 1131 1169 m·
1208 1067 1252 1151 s.
1271 1065 1454 1153 Aureae
1469 1069 1591 1172 Virg.
1611 1081 1654 1154 et
1673 1073 1797 1156 Mart.
1817 1072 1987 1180 Hispal.

297 1154 553 1252 mentem,
577 1151 871 1236 Sacramentrs
893 1153 1131 1258 perceptis,
1510 1191 1676 1281 Duplex.

298 1264 357 1351 ad
374 1265 459 1351 iter
484 1263 666 1350 coeleste
689 1289 739 1349 se
764 1263 1054 1372 comparavit:
1079 1289 1132 1349 ac
1234 1309 1372 1380 Omnia
1397 1311 1444 1379 de
1470 1307 1674 1378 Communi
1698 1306 1803 1395 Virg.
1828 1317 1865 1378 gt
1889 1307 2012 1392 tlara,
2171 1281 2172 1300 ¹

297 1387 419 1465 tOiUS
443 1378 489 1461 in
511 1376 707 1463 Domino
733 1379 1001 1482 COgitafiiisse
1025 1377 1128 1464 defi·
1180 1415 1322 1494 praeter
1346 1404 1557 1496 sequentia,

298 1518 399 1595 xus,
424 1493 613 1601 piasque
638 1517 798 1601 preces
825 1491 884 1578 ad
910 1517 1011 1579 eum
1038 1493 1129 1578 fun·
1517 1507 1681 1592 Oratio,

300 1604 425 1708 dens,
450 1615 495 1691 et
520 1605 565 1688 in
584 1607 725 1691 crucis
745 1606 932 1710 figuram
951 1609 1130 1713 compo·
1272 1633 1365 1710 eus,
1391 1607 1467 1713 qui
1489 1605 1605 1693 inter
1629 1610 1777 1693 cetera
1800 1607 2017 1716 potentiae
2172 1638 2173 1730 1

300 1719 397 1804 sitis
414 1717 632 1821 minibus,
653 1719 793 1804 Limae
816 1719 1057 1828 exspiravit
1075 1746 1131 1804 ae·
1297 1731 1387 1806 tuae
1413 1719 1639 1822 miracula,
1671 1721 1804 1805 otiam
1833 1722 1878 1806 in
1905 1745 2018 1806 sexu
2172 1749 2173 1804 l

300 1833 405 1917 totis
430 1858 544 1918 anno
563 1833 761 1918 secundo
781 1843 825 1919 et
844 1835 1131 1937 sexagesimo,
1182 1833 1326 1938 fragili
1352 1835 1582 1920 victoriam
1608 1834 1806 1941 martyrii
1832 1834 2018 1920 contuli·

301 1945 465 2031 Christi
478 1945 711 2033 millesimo
725 1948 1048 2033 sexcentesimo
1059 1947 1130 2034 do·
1182 1947 1253 2032 sti:
1278 1947 1475 2034 concede
1493 1947 1729 2055 propitius;
1753 1957 1802 2033 ut
1821 1948 1896 2056 qui
1913 1947 2018 2033 bed·

300 2058 430 2161 cimo,
455 2059 570 2146 festo
595 2061 695 2168 ipso
716 2060 788 2147 die
806 2062 948 2146 sancti
965 2060 1131 2147 Docto·
1181 2070 1241 2146 tae
1255 2061 1418 2146 Aureae
1430 2061 1625 2166 Virginis
1642 2071 1687 2147 et
1699 2061 1906 2168 Martyris
1925 2071 2019 2146 tuae

298 2172 358 2257 ris
371 2173 708 2272 Bonaventrirae‚
725 2199 857 2282 quem
871 2175 1029 2259 eximia
1042 2175 1132 2284 pie·
1181 2174 1379 2260 natalitia
1409 2174 1613 2276 colimus,
1647 2199 1729 2282 per
1760 2176 1853 2280 ejus
1881 2173 1940 2260 ad
1971 2183 2020 2259 te
2173 2237 2174 2248 r

298 2291 390 2373 tote
403 2287 449 2370 in
463 2288 583 2373 omni
596 2289 687 2374 vita
700 2288 843 2374 fieret
856 2295 1132 2397 prosecutus.
1183 2287 1386 2395 exempla
1410 2287 1674 2393 gradiamur.
1713 2287 1799 2372 Per
1825 2287 1955 2372 Dirm.
2062 2324 2067 2385 ;

299 2399 535 2486 Demortui
570 2401 714 2502 color,
750 2406 879 2488 ontea
914 2394 1154 2540 subniger!
1230 2413 1324 2484 1n1.
1348 2413 1549 2522 Nocturno
1573 2412 1675 2482 Loci.
1710 2407 1940 2484 confitebor.
1959 2413 2011 2483 de

301 2513 443 2598 estin
473 2513 623 2598 album
652 2520 866 2618 mutonis,
897 2515 1133 2624 vultdsque
1179 2510 1559 2582 Commum2.1oco.

300 2627 473 2732 species
507 2633 696 2713 venusta
732 2630 965 2715 confestim
998 2637 1132 2738 appa·
1412 2639 1462 2720 In
1479 2639 1531 2719 ΙΙ.
1550 2640 1775 2721 Nocturno.

300 2739 407 2842 ruit,
453 2751 496 2827 et
540 2742 689 2827 suavis
734 2741 848 2828 odor
883 2768 909 2828 e
944 2746 1134 2851 corpore
1482 2762 1708 2846 [11110111

302 2859 534 2962 erdmpere
556 2855 703 2964 coepit
742 2857 868 2942 Servi
889 2857 957 2942 sui
976 2858 1133 2944 sancti·
1240 2879 1298 2948 Ex
1322 2877 1366 2946 Ι).
1392 2877 1558 2964 Eulogio
1583 2877 1622 2946 in
1646 2877 1863 2949 Memoriali
1886 2877 1943 2948 Ss.

299 2972 439 3054 totem
468 2968 766 3072 multitidine,
797 2979 842 3056 et
874 2971 1133 3057 excellentia
1436 2974 1518 3044 Lib·
1542 2973 1678 3061 3-02112
1704 2973 1753 3044 17.
2063 3024 2069 3117 1

299 3081 612 3170 miraculorum
645 3082 864 3170 Dominus
904 3083 1132 3170 confirmo·
1195 3108 1221 3201 ξ·
1333 3085 1440 3164 drea
1469 3077 1630 3164 nobilis
1664 3080 1809 3186 virgo,
1843 3087 2019 3169 sancto·

299 3197 375 3282 vit.
419 3195 604 3304 Aliquot
628 3197 792 3284 mortui
815 3196 966 3283 Soltni
992 3199 1130 3306 preci·
1218 3212 1275 3307 '42ng
1358 3219 1456 3277 rum
1493 3191 1711 3301 Adrilphi,
1754 3205 1798 3284 et
1832 3195 1858 3278 J
1860 3197 2020 3282 oonnis

250 3290 257 3433 ξ
299 3308 385 3394 bus
408 3311 676 3397 revixerunt:
701 3321 867 3398 eterra
893 3313 1017 3398 orida
1039 3311 1132 3398 fon·
1357 3306 1601 3413 Martyrum
1631 3332 1777 3410 soror,
1809 3308 1854 3392 in
1886 3309 2018 3396 Cute·
2062 3412 2068 3437 Ι

300 3434 369 3510 tes
389 3425 578 3528 excitati,
603 3426 679 3533 qui
696 3435 798 3511 sunt
816 3425 962 3512 adhuc
977 3430 1132 3535 peren·
1184 3418 1370 3503 clarensi
1405 3419 1610 3506 coenobio
1640 3420 1820 3526 triginta
1852 3431 1897 3509 et
1927 3427 2018 3508 om·
2061 3468 2068 3539 l

299 3563 395 3638 nes,
421 3548 465 3624 et
488 3539 718 3642 salutdres3
741 3541 925 3645 trajecta
942 3541 1132 3642 flumina,
1184 3531 1299 3638 plius
1330 3557 1468 3618 annos
1500 3539 1792 3637 commorota,
1825 3537 2019 3622 animum

297 3651 435 3759 pallio
467 3677 602 3759 super
631 3651 773 3738 undas
806 3653 1014 3756 instrato,
1050 3679 1133 3739 nec
1184 3644 1343 3731 divinis
1380 3645 1616 3738 virtutibus
1659 3646 1837 3750 imbuit,
1882 3659 2019 3757 atque
2061 3710 2067 3769 1

249 3778 256 3849 i
299 3766 391 3870 ejus
426 3764 618 3872 pedibus
652 3765 932 3852 madefdctis:
966 3767 1132 3852 bellua·
1184 3760 1359 3864 egregia
1382 3759 1593 3868 praestitit
1621 3785 1714 3848 suae
1745 3761 1849 3848 fidei
1882 3762 2018 3849 docu·
2061 3798 2067 3885 g

298 3905 396 3963 rum
414 3879 579 3966 ferocia
600 3881 664 3967 ita
687 3883 958 3989 compressa,
980 3893 1030 3969 ut
1046 3883 1133 3989 ipsi
1183 3876 1340 3958 monia-
1381 3874 1569 3976 Quidam
1594 3884 1742 3962 autem
1761 3881 1942 3962 suorum
1960 3903 2019 3964 ex

300 3993 434 4077 etiam
465 3993 839 4102 obtemperarent.
885 3994 1054 4096 Quibus
1087 3999 1130 4080 ό·
1182 3986 1415 4072 Provincia
1439 3987 1710 4095 Hispalensi,
1734 3989 1851 4076 unde
1876 4015 2017 4095 genus

299 4106 465 4190 mnium
477 4109 705 4214 praeconio
720 4108 965 4212 celebratis,
982 4135 1035 4194 ac
1048 4110 1132 4195 rite
1183 4097 1385 4186 trahebat
1403 4100 1694 4186 elffiisflimum
1704 4103 1818 4188 inter
1831 4103 2017 4207 Ambe&

300 4218 508 4322 cognitis,
550 4221 752 4306 Clemens
794 4221 989 4307 decimus
1031 4247 1132 4308 eum
1183 4237 1263 4318 per
1305 4215 1499 4320 speciem
1544 4213 1791 4301 salutondae
1835 4217 2017 4323 virginis
2060 4204 2067 4303 i

299 4331 451 4418 Bedtis
491 4333 739 4444 adscripsit
797 4335 938 4421 Novis
973 4341 1132 4443 postea
1184 4327 1275 4431 eius
1301 4325 1436 4412 fidem
1460 4328 1705 4436 explorant
1746 4331 1890 4433 Quam
1915 4357 2016 4416 cum

299 4445 521 4530 miraculis
545 4447 731 4551 gloriam
746 4449 898 4534 Solani
915 4449 1132 4535 Dominus
1183 4464 1271 4525 non
1293 4441 1436 4526 solum
1455 4441 1747 4530 Christianam
1766 4469 1864 4530 esse
1882 4470 2014 4550 agno·

299 4560 575 4668 propagavit.
618 4561 877 4648 Pestiferam
900 4562 1019 4648 hiem
1043 4591 1131 4650 ma·
1183 4561 1359 4659 vissent,
1378 4557 1459 4644 sed
1478 4559 1610 4644 etiam
1625 4559 1725 4645 Deo
1743 4583 1824 4666 per
1840 4561 2014 4666 virgini·

300 4699 387 4777 gna
411 4674 573 4760 civium
596 4683 745 4781 strage
769 4677 983 4762 Montiliae
1006 4679 1132 4764 saevi·
1183 4675 1321 4757 tirtem
1363 4673 1409 4755 in
1453 4671 1660 4760 coenobio
1701 4679 2014 4778 consecretam,

301 4791 447 4874 entem
490 4792 672 4897 repente
716 4792 937 4878 exstinxit.
989 4793 1131 4898 Virgi-
1184 4783 1304 4893 apud
1325 4785 1525 4890 jddicem
1551 4809 1684 4892 quem
1701 4785 1800 4893 ipsa
1823 4813 2014 4874 commu·

300 4927 402 4986 nem
430 4905 632 5012 tempore
657 4903 924 5012 pestilentia
953 4910 1130 4992 omnino
1183 4899 1314 4983 nione
1345 4900 1568 5006 sanguinis
1599 4900 1860 5005 attingebat,
1890 4893 2014 4988 litem

301 5013 550 5122 depositam
575 5044 602 5102 a
626 5019 835 5124 praesenti
857 5018 1057 5126 periculo
1085 5019 1131 5104 li·
1181 5011 1246 5096 illi
1281 5015 1477 5120 suscepti
1511 5013 1748 5100 Christiani
1772 5014 1922 5100 cultus
1952 5015 2013 5100 in·

300 5130 484 5215 berdvit
540 5131 709 5233 Quibus
750 5133 881 5217 otiam
919 5131 1131 5240 probetis,
1182 5125 1378 5212 tondunt
1434 5127 1485 5229 Ii.
1512 5127 1701 5235 Propter
1719 5129 1963 5214 veritotem
2061 5216 2066 5243 ¹

299 5243 568 5331 Benedictus
611 5245 964 5331 decimustertius
1017 5271 1131 5330 anno
1495 5239 1646 5340 LeefiO
1669 5269 1706 5324 V·

301 5356 464 5444 Christi
484 5358 716 5446 millesimo
741 5360 1130 5468 septingentesimo
1184 5353 1374 5568 Judex
1403 5358 1522 5444 illam
1553 5360 1638 5446 sibi
1665 5361 1760 5471 sisti
1790 5362 1930 5468 jubet,
1961 5388 2013 5449 ac

300 5473 514 5576 vigesimo
542 5483 669 5561 sexto
696 5473 741 5556 in
765 5475 1027 5560 Sanctorum
1053 5480 1129 5559 nu·
1281 5474 1471 5584 primum
1506 5501 1590 5583 pro
1623 5476 2012 5581 consanguinitatis

300 5613 470 5672 merum
495 5587 654 5674 retulit
705 5591 756 5692 h.
784 5589 876 5675 Iste
894 5586 1039 5674 hom0.
1181 5591 1273 5696 jure
1298 5597 1467 5692 monet,
1491 5598 1536 5676 et
1558 5588 1780 5694 obsecrat,
1803 5614 1860 5677 ne
1877 5589 2013 5678 fidem
