4402 6190
846 504 961 574 Festa
986 505 1162 592 Augusti.
1187 504 1263 590 (12.)

195 695 469 782 sanctificate
482 695 527 778 in
541 695 749 781 cordibus
763 697 932 798 vestris,
950 721 1024 804 pa·
1076 695 1136 783 ati
1155 696 1290 782 oritis:
1315 699 1523 804 quoniam
1542 698 1663 807 quod
1682 709 1750 785 est
1766 698 1903 786 hono·

194 809 281 894 rati
293 833 469 916 semper
482 807 540 893 ad
550 809 893 896 satisfactionem
904 809 1024 895 omni
1075 810 1151 911 ris,
1175 810 1346 915 gloriae,
1372 822 1416 898 et
1439 813 1613 899 virtutis
1631 813 1734 914 Dei,
1759 824 1804 900 et
1828 812 1903 921 qui

194 921 399 1030 poscenti
414 947 495 1007 vos
513 922 730 1008 rationem
754 922 810 1008 de
830 947 899 1023 ea,
925 946 1023 1029 quae
1075 932 1144 1009 est
1163 926 1253 1030 ejus
1273 925 1463 1031 spiritus,
1482 952 1615 1034 super
1632 952 1715 1014 vos
1734 925 1902 1033 requio-

193 1035 239 1120 in
257 1034 386 1121 vobis
405 1045 490 1136 est,
515 1060 607 1144 spe.
646 1034 735 1123 Sed
759 1061 859 1122 cum
875 1035 1024 1124 modo·
1076 1035 1170 1122 scit
1213 1036 1356 1122 Nemo
1382 1047 1529 1148 autem
1547 1049 1744 1126 vestrum
1765 1039 1902 1146 patia-

194 1149 280 1234 stia
313 1158 358 1234 et
388 1149 566 1251 timore,
603 1149 917 1236 conscientiam
950 1149 1023 1235 ha·
1074 1158 1146 1237 tur
1164 1159 1213 1236 ut
1227 1149 1465 1252 homicida,
1484 1161 1560 1238 aut
1577 1153 1661 1255 fur,
1679 1163 1756 1239 aut
1771 1151 1903 1237 malc-

192 1260 351 1347 bantes
367 1261 547 1366 bonam;
571 1272 621 1348 ut
643 1263 689 1346 in
706 1287 779 1365 eo,
805 1261 926 1369 quod
952 1262 1024 1348 do·
1076 1262 1212 1365 dicus,
1231 1272 1306 1348 aut
1325 1263 1565 1351 alienorum
1584 1270 1818 1374 appetitor.
1857 1265 1905 1350 Si

191 1373 374 1461 trahunt
407 1374 556 1478 vobis,
591 1374 914 1462 confundantur
949 1376 1024 1482 qui
1075 1385 1224 1462 autem
1244 1387 1294 1462 ut
1319 1375 1608 1478 Christianus,
1634 1405 1723 1464 non
1750 1377 1902 1465 crubo-

192 1486 512 1574 calumniantur
546 1499 738 1576 vcstram
773 1491 936 1575 bonam
978 1493 1024 1576 in
1075 1500 1186 1592 scat;
1203 1489 1420 1595 glorificet
1437 1503 1584 1579 autem
1597 1493 1742 1578 Deum
1757 1492 1802 1577 in
1815 1493 1903 1580 isto

193 1601 371 1687 Christo
383 1602 772 1688 conversationem.
790 1601 946 1689 Malius
957 1613 1025 1690 est
1074 1603 1269 1704 nominc,
1300 1604 1508 1711 quoniam
1534 1615 1710 1715 tempus
1738 1616 1825 1709 est,
1855 1616 1903 1692 ut

192 1715 310 1800 enim
333 1714 699 1817 benefacientes,
744 1716 782 1802 si
818 1715 1023 1802 voluntas
1073 1715 1254 1825 incipiat
1277 1715 1484 1823 judicium
1508 1745 1534 1804 a
1561 1716 1696 1805 domo
1719 1720 1814 1806 Dei.
1857 1719 1904 1805 Si

190 1828 280 1914 Dei
305 1828 428 1931 velit,
454 1828 566 1938 pati,
594 1855 726 1936 quam
751 1830 1024 1918 malefacian·
1075 1839 1222 1916 autem
1247 1831 1438 1939 primum
1461 1831 1654 1919 anobis:
1682 1835 1779 1940 quis
1803 1833 1904 1918 finis

191 1949 273 2029 tec.
325 1942 439 2045 Quia
468 1953 514 2029 et
541 1942 741 2029 Christus
771 1944 910 2032 semel
939 1972 1022 2055 pro
1075 1945 1238 2047 eorum,
1259 1943 1333 2051 qui
1350 1968 1439 2029 non
1458 1942 1643 2031 credunt
1659 1946 1746 2034 Dei
1762 1947 1903 2031 Evan-
2050 2043 2054 2050 ,

189 2057 388 2164 peccatis
401 2057 564 2142 nostris
578 2062 777 2143 mortuus
792 2068 870 2160 cst,
884 2061 1022 2165 iustus
1073 2053 1214 2160 gotio?
1255 2057 1314 2142 Et
1336 2057 1375 2143 si
1395 2059 1536 2163 justus
1553 2058 1627 2144 vix
1650 2059 1903 2162 salvabitur,

190 2193 276 2278 pro
303 2170 495 2275 injustis,
522 2179 572 2255 ut
597 2195 682 2256 nos
708 2170 887 2258 offorret
911 2172 1023 2276 Deo,
1074 2169 1251 2277 impius,
1276 2180 1320 2256 et
1337 2176 1549 2279 peccator
1567 2170 1643 2258 ubi
1659 2169 1902 2280 parabunt?

191 2281 486 2369 mortificatus
509 2281 688 2391 quidem
712 2308 858 2386 carne,
885 2287 1022 2372 vivifi·
1073 2285 1230 2392 Itaque
1255 2283 1377 2386 ethi,
1403 2285 1478 2393 qui
1502 2286 1729 2394 patiuntur
1752 2292 1903 2372 secan·

191 2402 318 2483 catus
336 2407 484 2483 autem
502 2397 669 2506 spiritu.
697 2396 873 2485 Christo
890 2400 1023 2506 igitur
1074 2395 1181 2482 dum
1206 2397 1479 2484 voluntatem
1503 2398 1604 2500 Dei,
1630 2397 1751 2486 fidoli
1775 2400 1901 2485 Crea-

188 2535 326 2618 passo
347 2510 393 2594 in
412 2535 553 2611 came,
572 2519 618 2595 et
635 2536 714 2596 vos
731 2511 887 2598 eadem
906 2515 1023 2619 cogi·
1073 2512 1162 2598 tori
1192 2510 1499 2598 commendent
1531 2512 1698 2598 animas
1728 2537 1831 2598 suas
1857 2512 1902 2598 in

189 2623 359 2708 tatione
382 2623 627 2727 armamini,
651 2625 753 2731 quia
771 2625 845 2731 qui
863 2653 1023 2733 passus
1072 2624 1326 2712 benefactis.

191 2734 329 2820 estin
355 2760 502 2838 carne,
529 2735 660 2822 dasiit
683 2763 710 2822 a
733 2738 947 2845 peccatis,
975 2751 1023 2827 ut
1129 2757 1180 2862 lq.
1201 2754 1302 2840 Hoc
1324 2779 1408 2864 pro
1432 2764 1555 2842 certo
1578 2754 1729 2858 habet,
1756 2761 1832 2863 qui
1856 2766 1902 2844 te

188 2849 277 2954 jam
302 2875 392 2934 non
417 2847 647 2982 deflldffiiss
673 2850 914 2958 himinum,
941 2852 1022 2941 sed
1073 2867 1189 2971 colit,
1207 2867 1407 2970 Domine,
1432 2868 1553 2974 quod
1571 2869 1661 2955 vita
1681 2870 1784 2975 ejus,
1803 2869 1901 2955 siin

189 2961 408 3094 Yollmffifi
433 2962 535 3094 Del,
562 2963 685 3070 quod
709 2964 926 3096 Reliquum
954 2976 1023 3055 est
1071 2980 1335 3090 probatione
1365 2981 1516 3082 fierit,
1550 2983 1850 3070 coronabitur:
1877 2982 1899 3030 *

190 3101 238 3159 1n
256 3099 399 3177 came,
416 3086 537 3162 Vlvat
553 3080 779 3185 timPOrlS·
1072 3095 1185 3198 Quia
1214 3107 1320 3203 post
1348 3099 1658 3203 tempestatem
1692 3097 1901 3203 tranquil·

246 3211 297 3314 ll.
329 3213 414 3317 Qui
439 3239 512 3300 me
543 3215 769 3302 confossus
797 3216 945 3321 fuerit,
977 3229 1022 3308 et
1071 3207 1163 3292 lum
1194 3207 1322 3311 facis,
1357 3219 1404 3294 et
1436 3217 1541 3317 post
1575 3210 1728 3296 fletum
1759 3210 1900 3295 exsul·

189 3326 326 3413 verba
357 3353 457 3413 mea
486 3327 531 3411 in
556 3329 838 3432 generatione
864 3331 967 3430 ista,
994 3329 1018 3376 *
1070 3321 1283 3408 tationem
1315 3319 1519 3406 infundis.
1575 3307 1625 3412 i.
1657 3323 1899 3409 Momenta·

190 3439 328 3526 Fssius
369 3439 558 3526 hominis
594 3441 874 3530 confitebitur
909 3470 1020 3547 eum,
1071 3458 1213 3534 neum,
1234 3444 1278 3520 et
1294 3433 1394 3520 leve
1410 3434 1705 3521 tribulationis
1723 3445 1899 3539 nostrae,

191 3577 293 3638 cum
322 3555 491 3640 vonerit
520 3554 565 3638 in
596 3553 738 3660 gloria
767 3554 911 3642 Patris
943 3558 1020 3642 sui
1072 3551 1286 3633 aetornum
1306 3546 1461 3652 gloriae
1486 3546 1662 3656 pondus
1690 3553 1901 3657 operatur

193 3659 243 3761 V.
265 3668 476 3753 Invocavi
488 3668 729 3753 Dominum
747 3671 1019 3779 omnipotan·
1069 3658 1115 3744 in
1135 3658 1276 3792 uobis.
1308 3659 1419 3764 Quia
1442 3673 1558 3769 post.
1593 3655 1746 3747 Gloria
1767 3662 1898 3748 Patri

191 3787 292 3883 tem,
310 3780 434 3867 dedit
449 3782 771 3868 confessionem
784 3783 956 3886 Sancto,
976 3793 1021 3870 ct
1071 3774 1184 3876 Qula
1199 3784 1314 3882 1³0⁵&

191 3893 382 3981 Excelso
401 3895 446 3979 in
464 3895 604 3983 verbo
620 3895 786 4001 gloriae.
811 3897 959 3983 Filius.
1296 3927 1346 4006 In
1372 3927 1423 4008 11,
1451 3927 1673 4009 Nocfflmo,

493 4059 646 4144 Lectio
666 4059 721 4143 iii.
1124 4071 1223 4155 Ant.
1251 4073 1360 4172 Quae
1383 4072 1499 4159 circa
1521 4096 1593 4158 me
1619 4082 1735 4177 sunt,
1758 4073 1897 4180 magis

195 4192 575 4408 Unusquisque,
600 4211 713 4297 sicut
736 4210 908 4319 accapit
923 4217 1020 4317 gra·
1071 4183 1128 4316 {ld
1153 4186 1403 4324 Pf⁰f50tum
1425 4187 1898 4319 V011⁶f11sstEVifflg⁶lfit

310 4324 435 4426 tiam,
458 4324 503 4408 in
526 4322 785 4410 alterutrum
808 4324 929 4410 inam
946 4325 1019 4412 ad.
1069 4307 1131 4384 ita
1157 4308 1207 4384 ut
1232 4299 1406 4384 vrncula
1435 4324 1533 4386 mea
1561 4300 1792 4386 manrfasta
1823 4299 1896 4386 tie-

190 4437 506 4538 ministrantes,
531 4437 645 4522 sicut
669 4435 776 4522 boni
793 4435 1020 4547 dispensa·
1070 4422 1179 4497 sent
1427 4536 1437 4556 ·

189 4554 311 4637 tores
337 4549 615 4666 multiformis
646 4551 800 4655 gratiae
825 4550 921 4636 Dei.
973 4553 1020 4640 Si
1123 4533 1221 4612 Ant·
1259 4531 1294 4613 Ρ
1293 4533 1451 4668 rObdti
1466 4560 1616 4620 sumus
1648 4534 1817 4667 ³900,
1839 4542 1897 4666 ‚ui

193 4662 291 4772 quis
308 4663 513 4770 loquitur,
532 4665 658 4770 quasi
674 4668 901 4751 sermones
919 4665 1020 4753 Dei,
1070 4648 1322 4735 crederetur
1348 4648 1477 4736 nobrs
1503 4648 1810 4780 Evangahum3
1836 4657 1898 4734 1ta

190 4777 229 4862 si
247 4777 345 4882 quis
362 4775 595 4878 ministrat,
620 4787 846 4884 tamquam
863 4803 920 4864 ex
937 4781 1018 4864 vir.
1069 4761 1308 4869 loquimur,
1350 4789 1439 4850 non
1483 4764 1609 4871 quasi
1646 4761 1897 4849 homimbus

189 4897 303 4994 trite,
335 4915 466 4996 quam
497 4889 772 4977 administrat
802 4893 941 4979 Deus:
970 4904 1020 4981 ut
1069 4875 1305 4983 Placissteb
1331 4874 1411 4963 led
1436 4876 1547 4964 Deo·

190 5003 236 5088 in
250 5002 778 5091 omnibushonorificatru
791 5004 926 5108 Deus,
937 5032 1019 5116 per
1122 4997 1221 5077 Ant·
1243 4995 1400 5085 Omnia
1414 5001 1692 5101 flusfinhmub
1703 5023 1759 5085 11⁶
1776 4996 1896 5106 q¹10d

89 5171 95 5182 ·
190 5117 215 5202 J
217 5141 340 5204 esum
359 5115 593 5204 Christum.
630 5117 853 5203 Carissimi
871 5131 1017 5206 coriru·
1070 5111 1380 5198 offendiculum
1440 5111 1595 5200 demus
1655 5110 1895 5219 Evangelio

190 5231 388 5317 nicantes
415 5227 576 5316 Christi
607 5231 889 5339 passionibus
915 5257 1018 5336 gau·
1069 5224 1243 5311 Christi.

192 5341 315 5446 dote,
343 5353 393 5430 ut
424 5354 469 5430 ct
497 5343 544 5429 in
568 5344 838 5431 revelatione
864 5345 1018 5452 gloriae
1121 5331 1171 5438 ll.
1206 5348 1406 5434 Lucama
1440 5348 1630 5457 podibus
1659 5349 1770 5434 meis
1799 5372 1895 5434 ver·

192 5459 283 5566 ejus
305 5455 534 5562 gaudeatis
556 5457 838 5547 exsultantes.
881 5459 927 5546 Si
945 5485 1016 5546 ex·
1068 5461 1174 5548 bum
1191 5471 1333 5548 tuum
1382 5460 1431 5562 Ii.
1464 5463 1524 5549 Et
1556 5461 1703 5549 lumen
1729 5461 1895 5551 somitis

192 5569 465 5684 probramini
487 5571 533 5662 in
550 5571 726 5662 nomine
745 5570 922 5678 Christi,
944 5571 1018 5662 bc·
1067 5575 1189 5664 meis.
