4402 6190
872 504 989 576 Festa
1013 505 1263 595 Septembris.
1288 507 1343 594 (o.)

243 701 349 792 tum,
370 701 415 777 et
437 691 694 798 susceptum
709 691 911 778 habitum
929 693 997 779 bis
1017 693 1078 779 di·
1132 717 1283 791 cuum,
1318 698 1497 774 sanctus
1531 687 1763 795 Philippus
1793 690 1970 792 Nerius,

244 806 377 890 misit
1133 805 1209 910 qui
1235 801 1420 888 Camillo
1454 827 1482 885 a
1512 801 1651 886 sacris
1684 802 1971 888 confessioni·

298 920 351 1023 ll.
372 917 624 1002 Honestum
642 916 758 1003 fecit.
1132 917 1216 1003 bus
1244 924 1355 1017 erat,
1387 913 1713 1022 comprobavit,
1741 913 1849 1002 dum
1875 918 1970 1021 ejus

542 1030 711 1112 ,Lectio
731 1059 768 1110 v.
1133 1029 1332 1130 alumnis,
1355 1027 1665 1114 decedentium
1683 1028 1815 1133 agoni
1834 1053 1969 1136 opem

250 1139 485 1352 Romam
501 1141 745 1249 profectus,
767 1142 814 1225 in
831 1148 1078 1229 nosocomi·
1132 1141 1391 1240 ferentibus,
1436 1140 1634 1244 Angelos
1679 1141 1971 1246 suggerentes

364 1281 457 1356 um,
486 1251 608 1361 quod
630 1254 950 1341 insanabilium
975 1254 1079 1342 dici-
1132 1254 1268 1342 verba
1279 1253 1444 1360 saepius
1454 1277 1503 1339 se
1512 1250 1878 1340 vidissetestatus
1889 1265 1972 1342 est

244 1379 332 1471 tur,
357 1372 565 1475 receptus
590 1378 674 1469 est,
702 1369 824 1472 euius
849 1368 982 1454 etiam
1005 1369 1078 1455 ad·
1186 1369 1237 1472 ll.
1264 1367 1442 1452 Amavit
1460 1390 1572 1452 eum.

243 1480 619 1582 ministrationem
639 1479 698 1564 ob
712 1484 972 1587 perspectas
987 1483 1080 1586 ejus
1441 1481 1594 1565 Lectio
1614 1485 1667 1565 vi.

242 1594 431 1679 virtates
451 1592 536 1678 sibi
554 1591 885 1695 demandatam,
910 1618 1080 1679 summa
1135 1585 1448 1798 Arctioribus
1471 1588 1594 1675 hisce
1616 1589 1804 1700 vinculis
1828 1615 1971 1695 aegro·

242 1706 514 1809 integritate,
550 1731 603 1791 ac
626 1705 938 1795 ¹sollicitridine
973 1731 1078 1793 vere
1253 1706 1441 1792 tantium
1471 1702 1717 1787 ministerio
1748 1705 1972 1811 mancipa-

242 1818 619 1927 paternaperegit.
638 1817 845 1902 Omnium
860 1821 1081 1922 aegrorum
1131 1831 1215 1922 tus,
1234 1819 1394 1902 mirum
1413 1823 1491 1919 est,
1512 1841 1599 1923 qua
1617 1815 1860 1919 alacritate,
1876 1817 1971 1902 nul·

245 1957 421 2017 servum
448 1957 495 2017 se
523 1935 754 2039 reputans,
785 1933 940 2014 eorum
972 1935 1079 2016 ster·
1132 1932 1188 2017 lis
1211 1931 1376 2017 fractus
1399 1927 1643 2031 laboribus,
1669 1927 1800 2013 nullis
1825 1927 1971 2015 deter-

243 2069 348 2130 nere
365 2043 566 2145 lectulos,
585 2040 742 2128 sordes
759 2046 945 2162 tergere,
963 2043 1078 2129 ulce-
1132 2046 1242 2130 ritus
1260 2044 1366 2130 vitae
1388 2040 1617 2150 periculis,
1642 2041 1718 2128 diu
1742 2049 1973 2148 noctoque

244 2157 368 2245 ribus*
399 2155 588 2258 mederi,
624 2161 844 2263 agonique
880 2161 1079 2243 extremo
1133 2157 1190 2244 ad
1208 2160 1465 2264 supremum
1489 2181 1632 2262 usque
1651 2156 1872 2264 spiritum,
1897 2162 1972 2242 eo·

243 2272 330 2380 piis
360 2271 587 2379 precibus,
624 2280 670 2356 et
699 2269 1080 2402 cohortationibus
1132 2297 1229 2356 rum
1253 2267 1500 2401 commodis
1521 2268 1781 2401 vigilaverit
1822 2269 1973 2355 Omni-

245 2381 955 2602 iilmsfffriiliiiniriiili·
968 2408 1080 2602 ,lat
1131 2383 1220 2603 la
1240 2388 1396 2599 lala,
1416 2381 1973 2604 litoralitorae.

244 2610 339 2696 buit
358 2607 630 2694 admirabilis
647 2607 885 2715 patientiae,
902 2607 1080 2693 invictae
1112 2610 1348 2716 flexisque
1371 2610 1634 2717 pleramque
1657 2607 1858 2712 genibus,
1880 2609 1974 2695 vel·

100 2801 103 2810 .
244 2719 534 2820 lortitddinis,
573 2730 618 2806 et
652 2719 846 2806 heroicae
882 2721 1080 2806 caritatis
1132 2723 1197 2808 uti
1217 2721 1441 2807 Christum
1459 2721 1605 2829 ipsum
1624 2724 1826 2809 cerneret
1845 2723 1889 2806 in
1906 2723 1973 2806 in-

245 2835 459 2943 exempla.
503 2835 673 2919 Verum
705 2859 806 2918 cum
837 2833 1079 2918 animarum
1132 2835 1291 2933 lirmis,
1326 2834 1456 2918 hilari
1488 2838 1790 2942 promptoque
1822 2835 1974 2921 animo

244 2951 289 3031 in
321 2947 530 3033 extremis
561 2947 924 3053 periclitantium,
957 2944 1080 3052 quod
1133 2946 1387 3054 arripiebat;
1405 2955 1544 3055 utque
1564 2947 1763 3032 omnium
1774 2945 1973 3052 indigen·

244 3061 371 3146 onice
401 3058 676 3160 intendebat,
707 3059 914 3145 levamini
939 3057 1078 3143 subsi·
1131 3059 1204 3146 tiis
1231 3069 1399 3168 praesto
1427 3069 1561 3162 esset,
1594 3059 1861 3146 Generalem
1888 3059 1972 3146 Or·

245 3174 365 3259 dium
404 3174 652 3259 litterarum
695 3171 933 3279 plorimum
978 3196 1079 3257 con·
1133 3173 1247 3260 dinis
1271 3173 1608 3278 Praelectriram,
1640 3174 1831 3282 coelique
1863 3174 1973 3262 deli-

243 3288 359 3373 ferre
374 3285 651 3390 intelligeret
673 3285 855 3388 triginta
874 3282 988 3370 duos
1007 3312 1078 3371 an·
1133 3289 1234 3391 cias,
1260 3287 1420 3396 quibus
1437 3288 1483 3372 in
1502 3287 1876 3397 contemplatione
1895 3287 1972 3376 de·

243 3425 326 3486 nos
351 3410 498 3502 natus,
525 3400 571 3484 in
596 3399 751 3506 primis
777 3400 1080 3502 grammaticae
1131 3401 1247 3486 lixus
1266 3400 1487 3503 affluebat,
1507 3411 1666 3509 sponte
1685 3399 1862 3488 dimisit
1889 3402 1973 3488 Pa·

97 3617 108 3628 ⁸
245 3513 472 3600 elementis
490 3513 756 3620 tyrocinium
780 3514 894 3598 inter
912 3520 1079 3619 prieros
1130 3517 1282 3600 ternus
1320 3539 1425 3600 vero
1469 3513 1586 3599 illius
1632 3540 1738 3620 erga
1782 3521 1975 3603 miseros

244 3632 404 3712 iterum
426 3626 574 3711 subire
593 3650 682 3711 non
702 3625 889 3712 erubuit.
929 3627 1079 3712 Sacer·
1132 3651 1257 3712 amor
1290 3637 1385 3714 tum
1420 3629 1613 3714 maxime
1649 3627 1832 3732 effulsit,
1869 3656 1974 3715 cum

244 3738 368 3826 dotio
385 3743 546 3848 postea
565 3739 649 3825 rite
666 3737 875 3842 initiatus,
895 3739 1079 3826 nonnul·
1132 3749 1177 3826 et
1211 3739 1330 3826 Urbs
1375 3743 1634 3846 contagioso
1678 3742 1838 3829 morbo
1883 3745 1971 3851 pri·

243 3853 297 3937 lis
316 3853 400 3940 sibi
420 3852 636 3961 adjunctis
655 3853 799 3955 sociis,
818 3855 961 3961 prima
979 3853 1081 3960 jecit
1111 3891 1112 3894 Ν
1131 3881 1268 3958 mum,
1293 3852 1455 3941 deinde
1479 3859 1678 3941 extrema
1704 3858 1891 3941 annonae
1909 3856 1972 3942 la-

246 3966 611 4071 Congregationis
630 3967 892 4053 clericorum
909 3968 1080 4072 regula·
1130 3966 1313 4054 boraret
1329 3969 1490 4076 inopia,
1510 3978 1557 4055 et
1573 3967 1703 4054 Nolae
1722 3970 1768 4053 in
1782 3969 1971 4078 Campa·

244 4081 357 4165 rium
389 4080 573 4166 inlirmis
609 4081 950 4166 ministrantium
986 4083 1079 4168 lun·
1132 4081 1205 4166 nia
1223 4080 1320 4166 dira
1337 4083 1477 4189 pestis
1496 4085 1785 4185 grassaretur.
1824 4082 1972 4170 Tanta

245 4194 469 4298 damenta,
500 4194 626 4282 irrito
655 4200 818 4311 copatu
852 4196 1079 4284 obnitente
1132 4193 1323 4301 denique
1359 4196 1404 4280 in
1435 4196 1601 4297 Deum,
1638 4205 1684 4281 et
1714 4198 1970 4304 proximum

243 4307 424 4395 humani
441 4308 613 4415 generis
633 4307 779 4394 hoste:
802 4335 905 4393 nam
923 4309 1078 4395 Camil·
1132 4309 1315 4396 caritate
1342 4309 1523 4410 exarsit,
1554 4319 1605 4395 ut
1631 4309 1830 4414 Angelus
1862 4337 1970 4396 nun·

243 4423 312 4508 lus
340 4423 512 4510 coelesti
538 4446 665 4524 voce,
698 4449 722 4508 e
751 4420 915 4508 Christi
941 4423 1078 4508 cruci·
1133 4423 1302 4530 cupari,
1328 4432 1373 4508 et
1391 4422 1662 4528 Angelorum
1680 4447 1814 4530 opem
1832 4423 1877 4507 in
1895 4430 1969 4509 va·

226 4537 331 4648 lixi,
354 4561 510 4622 manus
534 4537 667 4622 etiam
686 4535 743 4621 de
761 4535 882 4638 ligno
901 4535 1078 4621 avulsas
1131 4535 1198 4620 rio
1243 4535 1450 4620 itinerum
1486 4532 1740 4620 discrimine
1777 4537 1970 4644 experiri

243 4649 504 4736 admirando
529 4649 736 4758 prodigio
759 4649 1079 4757 protendentis,
1130 4652 1470 4756 promereretur.
1497 4646 1755 4756 Prophetiae
1775 4647 1905 4750 don0,
1925 4661 1971 4735 et

244 4764 490 4849 simulacro
499 4768 677 4866 emissa,
701 4762 958 4849 mirabiliter
976 4789 1077 4850 con·
1131 4763 1275 4867 gratia
1292 4762 1531 4847 sanitatum
1547 4761 1781 4869 praeditus,
1805 4766 1970 4848 arcana

243 4878 462 4979 firmatus,
503 4874 704 4962 ordinem
739 4902 868 4961 suum
903 4903 929 4961 a
963 4877 1079 4963 Sede
1133 4901 1312 4983 quoque
1333 4873 1535 4961 cordium
1552 4875 1763 4983 inspexit,
1786 4876 1969 4982 ejrisque

243 4991 491 5098 apostolica
514 4989 755 5098 approbari
779 4989 985 5091 obtinuit,
1011 5015 1078 5073 so·
1132 4987 1340 5097 precibus
1361 5015 1476 5074 nunc
1491 4988 1657 5074 cibaria
1675 4988 1970 5095 multiplicata

243 5103 418 5191 delibus
448 5113 607 5212 quarto
636 5103 862 5189 obstrictis
888 5103 1080 5188 maxime
1132 5110 1244 5204 sunt,
1258 5129 1374 5187 nunc
1389 5126 1504 5207 aqua
1518 5101 1564 5185 in
1578 5101 1728 5186 vinum
1742 5105 1969 5188 conversa.

245 5218 385 5305 arduo
418 5228 546 5320 voto,
581 5215 767 5302 infirmis
799 5241 914 5322 quos
946 5216 1079 5301 etiam
1131 5214 1333 5300 Tandem
1364 5214 1541 5320 vigiliis,
1573 5214 1758 5319 jejuniis,
1786 5225 1833 5301 et
1863 5219 1969 5300 assi·

242 5332 382 5440 pestis
401 5331 612 5432 infecerit,
630 5327 919 5415 ministrandi.
947 5326 1080 5431 Quod
1132 5328 1231 5413 duis
1255 5332 1432 5414 attritus
1454 5326 1699 5429 laboribus,
1725 5353 1827 5414 cum
1850 5325 1969 5434 pelle

243 5445 494 5531 institutum
525 5470 659 5553 quam
690 5444 805 5530 loret
830 5442 930 5526 Deo
957 5445 1079 5526 acce·
1130 5451 1319 5544 tantum,
1348 5451 1392 5528 et
1416 5439 1593 5527 ossibus
1618 5446 1824 5527 constare
1849 5439 1969 5527 vide·

245 5569 392 5666 ptum,
428 5567 472 5644 et
508 5558 752 5642 animarum
784 5555 917 5641 saliti
946 5554 1079 5662 proli·
1131 5559 1272 5658 retur,
1306 5555 1499 5666 quinque
1527 5553 1727 5640 molestis
1758 5578 1888 5664 aeque
1914 5577 1966 5644 ac
