4354 6184
824 511 940 582 Festa
963 513 1124 601 Aprilis,
1148 514 1228 599 (28.)
1341 515 1344 522 ’
1372 603 1375 610 .
1818 500 1887 576 ὦ*

162 703 340 801 partem
365 691 573 795 oratiani,
604 693 791 800 aliisque
822 695 924 802 piis,
957 705 1002 782 et
1054 689 1255 782 ecclesiae
1279 720 1371 780 suae
1393 695 1635 801 proventus
1659 693 1704 778 in
1721 697 1885 801 peripe-

162 805 414 892 christianis
459 807 680 898 exercitiis
714 807 1002 914 impenderet
1053 835 1151 893 rum
1184 835 1312 911 usus,
1348 831 1461 915 quos
1497 805 1742 893 creditores
1779 831 1885 892 suos

161 920 219 1004 Id
242 917 583 1025 comprobatum
607 929 691 1021 est,
715 945 815 1006 cum
839 921 1000 1006 immis-
1052 921 1260 1022 vocabat,
1285 913 1501 1024 erogavit;
1529 919 1810 1022 octingentis,
1837 928 1886 1007 ut

162 1057 261 1116 sam
277 1032 323 1115 in
344 1033 438 1136 ejus
463 1031 714 1117 cubiculum
731 1032 1001 1140 impudicam
1053 1035 1218 1136 ferunt,
1266 1033 1493 1118 heminam
1528 1030 1721 1117 millibus
1756 1057 1884 1119 sacro

162 1144 412 1247 mulierem,
447 1147 702 1251 praecipuus
737 1145 1000 1251 virginitatis
1053 1144 1290 1232 chrismate
1316 1144 1477 1230 unctis:
1503 1144 1756 1229 inndmeras
1783 1169 1884 1229 con·

162 1261 363 1344 sectator
393 1257 615 1344 constanti
651 1258 800 1344 animo
836 1265 999 1346 extem·
1052 1257 1356 1360 tradictiones,
1381 1257 1473 1343 sive
1497 1255 1555 1341 ab
1579 1256 1652 1357 iis,
1677 1256 1754 1362 qui
1776 1257 1885 1342 foris

161 1369 241 1477 plo
261 1368 447 1476 expulit:
464 1368 568 1456 inde
582 1369 761 1473 jeiuniis,
780 1371 941 1476 vigiliis
956 1382 1000 1459 et
1052 1379 1164 1476 sunt
1181 1379 1368 1478 propter
1385 1367 1531 1468 iidem,
1549 1368 1644 1455 sive
1661 1369 1718 1455 ab
1736 1370 1791 1454 iis
1809 1369 1885 1476 qui

162 1482 336 1589 proprii
360 1481 561 1588 corporis
584 1482 875 1586 castigatione
898 1508 998 1570 con·
1051 1482 1180 1584 intra,
1202 1492 1389 1590 propter
1406 1479 1606 1567 ecclesiae
1623 1478 1885 1583 libertatem,

161 1599 288 1680 tinuo
306 1595 444 1724 vitam
462 1594 670 1696 exercuit,
690 1603 735 1680 et
747 1595 878 1682 nudis
892 1621 998 1703 quo·
1051 1620 1222 1679 summa
1239 1594 1454 1726 patientia
1472 1593 1706 1732 sustinens,
1724 1593 1886 1732 acriter

163 1705 999 1930 tlailllilatailatila:
1050 1706 1393 1906 {tristis
1411 1705 1883 1921 statariae.

162 1945 234 2018 tus
253 1940 332 2017 est
1051 1931 1161 2018 culis
1181 1932 1344 2038 clarus,
1371 1956 1470 2038 quae
1495 1931 1629 2017 etiam
1645 1941 1751 2041 post
1768 1957 1882 2017 mor-

219 2057 274 2160 li.
293 2053 448 2138 Inveni
465 2053 625 2140 David.
1049 2056 1142 2132 tem
1159 2044 1301 2152 ipsius
1323 2045 1603 2131 sanctitatem
1621 2042 1881 2175 comproba-

1049 2166 1168 2262 runt,
1194 2157 1302 2244 dum
1326 2158 1523 2269 prepriae
1549 2155 1756 2244 dioecesis
1780 2183 1881 2242 vrs1·

1050 2269 1209 2355 tatiani
1221 2269 1506 2374 incumberet,
1521 2294 1636 2355 anno
1649 2268 1882 2356 millesimo

1050 2383 1371 2468 sexcentesimo
1407 2392 1555 2483 sexto,
1600 2380 1744 2468 aetatis
1788 2405 1882 2466 suae

1049 2495 1327 2598 sexagesimo
1351 2497 1530 2596 octavo,
1553 2501 1731 2601 sumpto
1750 2492 1795 2576 in
1814 2518 1882 2578 ec·

1049 2606 1185 2693 clesia
1203 2631 1329 2694 sacro
1343 2607 1517 2709 viatico,
1535 2605 1594 2692 ad
1606 2605 1763 2690 mortis
1776 2611 1882 2689 nun·

1048 2719 1158 2805 tium
1186 2720 1455 2816 exclamans:
1485 2719 1684 2804 Laetatus
1713 2744 1812 2802 sum
1837 2719 1882 2803 in

1049 2831 1128 2934 his,
1148 2859 1248 2938 quae
1263 2831 1381 2919 dicta
1395 2841 1498 2919 sunt
1509 2829 1627 2932 mihi,
1639 2831 1685 2914 in
1701 2829 1882 2916 domum

1047 2945 1227 3029 Demini
1252 2944 1431 3048 ibimus3
1458 2943 1531 3030 die
1556 2943 1771 3048 vigesima
1797 2947 1881 3029 ter-

1047 3057 1109 3142 tia
1134 3057 1283 3143 Martii
1310 3056 1580 3144 obdormivit
1606 3057 1651 3142 in
1678 3055 1882 3159 Demino,

1049 3195 1182 3277 quem
1215 3171 1499 3257 Innocentius
1543 3168 1802 3256 undecimus
1836 3170 1881 3252 in

1045 3281 1279 3368 beaterum
1308 3289 1540 3369 namerum
1572 3281 1740 3382 retulit,
1776 3282 1880 3365 assi-

1047 3399 1179 3499 gnata
1205 3398 1297 3500 ejus
1322 3395 1549 3482 festivitati
1573 3393 1645 3480 die
1667 3394 1882 3499 vigesima

1046 3508 1236 3615 septima
1284 3507 1462 3640 aprilis.
1529 3506 1703 3592 Deinde
1751 3506 1879 3639 nouis

158 3672 994 3890 gggffijngpdgggggigffigffiss
1046 3618 1715 3818 {trilaterarum
1731 3643 1880 3815 litt:

985 3855 996 3894 ‚
1246 3845 1256 3864 .

159 3899 268 3984 etin
286 3900 349 3985 eis
368 3900 601 4033 complura
620 3895 817 4004 decreta,
834 3906 994 4009 pastea
1045 3841 1880 4060 ffiffiffifigfflffigfflgggffi

158 4011 996 4231 ἓίῗξάζηῖξοῗεέὲῇᾞὲῗῗέἑῆἷῗᾶ
1045 4072 1291 4204 gentesimo
1316 4069 1530 4208 vigesimo
1554 4077 1683 4154 sexto
1708 4071 1878 4153 sancto·

159 4190 425 4324 Amricgm'a
450 4240 626 4342 regitur·
676 4240 794 4325 Hinc
818 4267 995 4327 morum
1047 4209 1144 4268 rum
1163 4183 1553 4339 iastrsadscrrpsrt.

160 4339 433 4455 emendatio,
446 4361 450 4368 '
464 4351 572 4436 cleri
597 4350 848 4459 disciplina,
877 4355 994 4460 jave-
1102 4325 1153 4429 Η·
1175 4321 1268 4406 Iste
1288 4330 1366 4423 est,
1386 4347 1470 4427 (1¹¹2

159 4488 266 4546 num
283 4463 532 4565 seminaria,
552 4463 785 4568 virginum,
807 4491 861 4552 ac
879 4466 994 4554 male
1274 4529 1323 4608 In
1342 4529 1468 4608 HIN
1520 4533 1539 4610 t

159 4580 400 4682 nuptarum
444 4573 670 4680 coenobia,
723 4584 994 4683 aegroterum
1405 4591 1414 4608 ·
1470 4555 1518 4610 ⁰⁰
1540 4555 1656 4612 unm·

159 4685 450 4792 xenodochia,
469 4689 657 4798 aliaeque
673 4688 804 4801 aedes,
823 4701 869 4778 et
886 4701 993 4779 tem·
1048 4699 1203 4786 Lectio
1223 4699 1366 4785 sancti
1382 4697 1612 4804 Evangelii
1631 4698 1877 4786 secundum

157 4799 245 4911 pla,
265 4803 357 4907 ejus
375 4800 508 4890 etiam
526 4813 706 4912 sumptu
724 4811 992 4908 constructa,
1327 4811 1598 4897 Matthaeum.

158 4918 402 5000 manarunt
1127 4945 1280 5028 Lectio
1300 4945 1368 5026 vii.
1620 4947 1723 5048 Cap.
1737 4947 1803 5027 25.

405 2297 411 2309 ,
476 2207 631 2290 Lectio
652 2235 689 2290 v.

268 2319 486 2426 Gregorio
520 2318 828 2410 decimotertio
854 2322 997 2411 Lima-

297 2457 367 2516 nae
392 2432 592 2518 ecclesiae
621 2458 677 2518 ex
703 2442 926 2541 quaestore
950 2438 997 2522 fi·

163 2544 236 2632 dei
253 2546 417 2631 invitus
442 2545 702 2653 praeiicitur,
727 2574 817 2655 quo
841 2550 887 2633 in
904 2557 997 2636 mri-

161 2683 268 2744 nere
303 2658 612 2766 apostolicam
657 2659 998 2749 sollicitudinem

160 2771 206 2855 in
228 2796 345 2856 nova
370 2770 687 2859 christianitate
709 2773 780 2859 vel
805 2775 996 2862 solidan-

160 2882 230 2986 da,
248 2884 322 2970 vel
340 2883 592 2991 amplianda
611 2882 837 2992 adhibens,
856 2890 996 2996 perfe-

160 2997 223 3082 cti
239 2997 445 3105 pra'esulis
462 3009 613 3106 partes
628 2998 840 3106 explevit:
859 3027 997 3108 quare

159 3109 344 3213 singulis
371 3110 617 3198 Dominicis
645 3111 817 3218 diebus,
849 3114 920 3202 vel
951 3115 997 3199 in

159 3220 365 3324 ecclesia,
388 3222 460 3309 vel
476 3223 522 3308 in
544 3221 756 3331 hospitali
775 3225 927 3329 domo,
951 3229 996 3314 in

157 3333 311 3443 parvis
337 3336 470 3421 etiam
488 3335 731 3443 oppiduim,
758 3350 803 3424 et
821 3338 903 3424 sub
923 3339 996 3427 dic

159 3447 527 3549 concionabatur,
570 3448 836 3558 plebemque
880 3462 995 3539 catc-

159 3561 331 3646 chismo
348 3559 604 3647 instruebat.
638 3562 845 3670 Synodus
863 3566 997 3652 etiam

216 5044 268 5148 ll·
289 5043 426 5130 Ρόθῢὶ
443 5043 720 5150 ἃᾶἱὶῑῒόῐῑῡω·
1042 5081 1121 5296 In
1150 5089 1228 5176 illo
1260 5091 1478 5195 tempore:
1507 5086 1631 5172 Dixit
1657 5087 1683 5172 J
1685 5112 1787 5176 esus
1814 5086 1875 5174 di-

466 5187 621 5280 Lectio
639 5187 693 5270 vi.
1118 5201 1299 5307 scipulis
1330 5200 1420 5286 suis
1452 5197 1714 5307 parabolam
1744 5199 1876 5287 hanc:

162 5300 450 5514 Dioecesim
489 5339 634 5416 suam,
678 5315 993 5422 amplissimam
1042 5316 1193 5402 Homo
1211 5316 1400 5421 peregre
1417 5311 1722 5419 proficiscens,
1746 5317 1875 5398 voca·

276 5423 466 5531 quidem,
486 5426 735 5514 incredibili
750 5426 907 5514 labere
924 5437 990 5513 to·
1043 5427 1107 5513 vit
1138 5450 1293 5512 servos
1328 5449 1454 5526 suos,
1490 5431 1535 5510 et
1569 5421 1754 5510 tradidit
1788 5424 1876 5510 illis

153 5547 384 5646 tamsaepe
396 5539 604 5642 visitavit,
622 5543 864 5647 omnesque
876 5563 992 5648 pene
1042 5537 1161 5626 bono
1177 5563 1269 5630 sua.
1294 5536 1353 5624 Et
1368 5535 1550 5645 reliqua.
